3234 4834
787 267 825 326 12

259 465 362 532 cuivis
385 470 618 531 testamentum
650 469 687 531 ut
714 446 917 546 suppositum
940 463 992 527 vel
1020 462 1151 527 irritum
1177 461 1210 525 in
1237 465 1364 526 contro·

259 564 400 631 versiam
423 583 542 630 vocare
563 565 688 631 111111.ι
967 574 971 581 ’

342 681 450 764 Quare
472 701 513 747 ne
544 701 654 747 eorum
677 682 806 763 quidem
828 681 973 745 virorum
995 679 1161 745 sententia
1183 698 1264 745 uera
1291 698 1363 744 esse

258 787 384 866 potest,
408 782 464 863 qui
486 783 588 849 verba
621 784 686 845 ὅσα
704 784 748 869 μὴ
771 781 950 869 ἐπεποίηντο
983 785 1102 862 putant
1128 779 1192 845 dici
1221 781 1261 845 de
1287 780 1362 845 liliis

258 881 427 964 adoptatis
459 886 493 948 et
519 885 622 948 Verba
643 883 762 946 ὥστε..
776 880 1005 945 ἐπιδικάσασθαι
1031 881 1199 963 pertinere
1227 881 1269 945 ad
1295 881 1362 944 θια-

265 981 381 1058 θέσθαι,
406 988 465 1048 aut
486 982 542 1064 qui
565 984 708 1071 ποιηιιιύς
734 982 886 1048 simulet
911 980 995 1046 filios
1021 981 1197 1062 adoptatos
1215 987 1249 1046 et
1276 980 1364 1046 cives

260 1083 444 1165 adscriptos
467 1083 691 1165 1111111111111152

341 1202 451 1281 Atque
486 1220 528 1266 ne
574 1203 655 1266 haec
698 1202 827 1282 quidem
870 1198 1105 1281 interpretatio
1138 1199 1241 1281 legis³
1284 1199 1363 1264 milri

258 1301 391 1367 videtur
411 1300 493 1366 ferri
515 1321 625 1383 posse:
659 1302 872 1384 „quicumque
894 1301 1046 1382 adoptati
1067 1318 1131 1364 nou
1157 1306 1250 1382 sunt,
1278 1300 1363 1381 quod

258 1400 387 1483 quidem
422 1403 451 1468 si
486 1408 573 1485 sunt,
606 1402 728 1467 nullum
761 1403 802 1466 ab
836 1400 1022 1467 hereditate
1054 1401 1226 1467 excludere
1258 1419 1363 1481 neque

260 1500 359 1566 ullam
380 1501 599 1567 hereditatem
621 1502 654 1566 in
679 1500 800 1586 judicio
831 1505 989 1583 appetere
1015 1508 1166 1583 possunt,
1194 1501 1235 1565 iis
1264 1501 1362 1566 liceto

258 1606 458 1667 testamento
494 1621 554 1666 sua
590 1601 733 1685 legare“;
768 1621 844 1668 nam
877 1620 1071 1683 quamquam
1110 1602 1213 1667 verba
1253 1602 1381 1687 dare...

258 1700 485 1764 ἐπιδικάσασθαι
515 1702 557 1766 ad
587 1702 766 1790 ἐπεποίηντο
792 1707 884 1768 recte
912 1702 1116 1782 referuntur,
1146 1706 1255 1766 tamen
1284 1699 1362 1765 talis

257 1800 492 1882 interpretatio
514 1804 697 1885 particulae
719 1804 798 1867 ὥστε
828 1803 957 1868 minime
983 1803 1117 1884 probari
1144 1807 1279 1884 potest‘
1304 1802 1362 1867 sed

258 1902 362 1970 verba
383 1920 447 1966 uon
478 1903 578 1970 aliter
606 1903 800 1987 intellegere
829 1904 908 1970 licet
935 1922 1031 1985 quam
1057 1903 1117 1968 sic:
1152 1903 1363 1984 „quicumque

258 2001 409 2083 adoptati
430 2021 493 2067 non
517 2009 603 2086 sunt,
624 2004 674 2070 ita
695 2011 733 2069 ut
753 2023 859 2086 neque
876 2006 931 2088 jus
953 2003 1145 2070 excludendi
1167 2021 1247 2083 quos
1257 2002 1362 2067 velint

258 2101 444 2168 hereditate
465 2124 526 2170 sua
547 2124 652 2187 neque
674 2106 837 2188 virginem
868 2106 1020 2171 heredem
1048 2104 1181 2186 petendi
1207 2103 1360 2182 habeant,

257 2202 298 2270 iis
332 2202 430 2270 liceto
462 2206 575 2289 legare
608 2226 668 2272 sua
700 2207 801 2274 libero
835 2207 1006 2273 arbitrio.“
1050 2206 1114 2271 Sed
1147 2205 1229 2270 haec
1260 2205 1362 2270 verba

257 2303 345 2369 inter
367 2323 402 2370 se
423 2325 611 2390 repugnare
633 2308 702 2373 luce
725 2309 846 2373 clarius
869 2314 929 2373 est.

341 2423 414 2489 Hac
446 2429 556 2492 autem
581 2425 671 2491 vocis
704 2428 798 2488 ποιεῖν
830 2423 1105 2507 interpretatione
1133 2430 1166 2489 et
1188 2423 1361 2488 verborum

259 2522 324 2585 ὅσοι
342 2526 387 2611 μὴ
408 2524 589 2613 ἐπεποίηντο
611 2544 683 2590 oum
705 2526 916 2606 sequentibus
938 2526 1017 2588 ὥστε
1043 2522 1113 2610 μήτ’
1136 2525 1273 2587 ἀπειπεῖν
1291 2520 1360 2608 μήτ’

258 2622 485 2688 ἐπιδικάσασθαι
508 2624 734 2710 conjunctione
756 2630 891 2690 servata
912 2626 1036 2691 nostris
1059 2624 1260 2706 temporibus
1280 2639 1361 2686 com·

259 2721 371 2801 plures
393 2723 457 2788 viri
479 2723 566 2789 docti
589 2724 672 2789 alius
701 2724 800 2789 aliter
826 2724 931 2790 locum
962 2724 1127 2806 explicare
1156 2722 1361 2788 studuerunt.

258 2820 306 2885 Ut
317 2821 476 2904 11111111,δ
488 2822 544 2903 qui
557 2823 798 2889 vocitaverint
811 2825 1045 2908 conjunctionis
1061 2822 1107 2908 ἐφ’
1120 2819 1182 2907 pire
1196 2822 1362 2887 subiceret

259 2927 293 2986 et
314 2921 403 2987 hanc
424 2925 622 2990 sententiam
646 2943 686 2989 ex
701 2925 812 2990 verbis
835 2923 990 3006 expedire
1005 2923 1147 2990 voluisse
1163 2922 1361 2990 videretur⁸:

344 3109 351 3137 ¹
369 3105 411 3161 De
433 3106 475 3160 his
497 3107 585 3162 causis
607 3108 716 3162 uberius
739 3108 867 3162 disseruit
891 3109 1089 3163 Schoemannus
1111 3108 1139 3160 111
1166 3122 1280 3160 censura
1301 3106 1362 3159 libri

259 3189 438 3256 Platneriani
460 3207 528 3257 quae
546 3196 637 3246 exstat
654 3191 682 3244 111
700 3192 788 3245 annal.
806 3191 897 3245 Berol.
915 3207 939 3244 a.
958 3191 1094 3245 1828111.
1112 3189 1295 3257 11131011.

343 3275 430 3328 ’Hoc
463 3275 541 3328 modo
575 3274 715 3329 intellexit
743 3274 867 3341 (lansius,
904 3275 935 3328 de
962 3273 1075 3326 historia
1100 3271 1170 3339 juris
1208 3271 1362 3326 hereditarii

259 3357 313 3412 vol.
333 3359 345 3411 1
363 3374 389 3425 p.
406 3358 464 3413 385.

349 3441 451 3495 'Haec
469 3448 511 3494 est
529 3441 665 3495 sententia
681 3441 812 3496 Bunsenii
834 3441 884 3495 11.
902 3457 928 3508 p.
944 3442 976 3493 55
994 3445 1022 3492 et
1039 3440 1078 3503 51,
1097 3442 1126 3490 et
1148 3437 1312 3507 Schellingii
1331 3441 1363 3494 de

260 3522 366 3576 Solonis
383 3523 489 3591 legibus
506 3525 577 3591 apud
596 3530 718 3579 oratores
735 3524 844 3578 Atticos
860 3540 886 3591 p.
908 3525 962 3578 128.

343 3607 400 3661 ‘cf
423 3608 583 3661 Platnerum
601 3608 629 3662 iu
647 3625 759 3663 censura
775 3607 838 3661 libri
850 3605 1024 3671 Bunseniani,
1044 3622 1112 3671 quae
1131 3612 1222 3660 exstat
1233 3606 1261 3659 111
1274 3607 1362 3660 annal.

259 3689 431 3759 Heidelberg.
449 3707 472 3744 a.
492 3693 558 3746 1814
574 3709 600 3760 p.
619 3695 684 3747 1169
702 3709 740 3761 sq.

343 3773 513 3828 'Darestius
530 3774 547 3828 l.
565 3775 582 3828 l.
601 3791 625 3842 p.
643 3776 691 3830 301
710 3775 806 3829 uertit:
843 3774 998 3841 Quiconque
1016 3772 1120 3827 n'uvait
1137 3788 1185 3839 pas
1203 3774 1247 3824 111
1265 3773 1364 3839 adepte

259 3863 343 3912 avant
365 3858 487 3927 l'tpoque
514 3860 549 3913 ou
576 3859 658 3912 Solon
680 3865 723 3913 est
748 3860 854 3914 deveuu
879 3858 1016 3923 archonte.
1043 3861 1060 3911 a
1085 3855 1171 3910 moins
1198 3855 1263 3921 quil
1288 3855 1364 3909 u'eirt

259 3944 374 3996 renonce
391 3945 407 3996 1
423 3942 572 4011 l'adoption
590 3959 624 3996 ou
641 3942 706 4009 qu'il
728 3941 803 3997 n'eirt
822 3943 922 3997 obtenu
936 3942 1035 3997 l’envoi
1059 3957 1092 3994 en
1114 3937 1274 4007 possession,
1297 3945 1364 4005 peut

261 4023 382 4092 disposer
398 4025 541 4081 librement
558 4026 590 4080 de
609 4041 651 4079 ses
669 4025 744 4080 biens
760 4042 811 4096 par
828 4031 984 4080 testament.

343 4108 428 4163 ‘Hoc
444 4114 558 4181 apparet
575 4124 609 4163 ex
625 4109 706 4177 notis,
724 4124 791 4176 quas
808 4109 851 4162 vir
867 4106 1037 4163 doctissimus
1054 4122 1079 4174 p.
1097 4106 1147 4160 307
1165 4104 1273 4173 adjecit.
