3234 4834
807 240 848 300 42

278 454 341 501 non
370 434 478 502 infimo
510 434 578 500 loco
600 440 696 503 natos
727 454 807 502 esse.
862 438 946 502 Puto
981 441 1089 502 autem
1124 436 1296 503 falsarium
1327 437 1384 503 ali·

278 554 373 618 quem
404 534 575 618 inscitum,
598 536 708 602 verbis
737 535 880 603 oratoris
911 536 1044 619 inepte¹
1073 556 1180 619 usum,
1210 538 1295 604 hanc
1320 538 1384 603 for-

277 635 395 702 mulam
418 636 605 703 confecisse.

361 921 518 1004 Sequitur
539 921 573 988 in
594 920 613 1008 §
634 923 675 990 53
698 923 759 989 hoc
780 923 1017 989 testimoninm:

403 1039 514 1127 Αὶητης
554 1041 737 1128 Κειριάδηςῖ
776 1045 931 1125 μαρτυρεῖ
977 1041 1241 1124 πολεμαρχοῦντος
1289 1042 1383 1104 αὑτοῦ

402 1139 635 1228 κατεγγυηθῆναι
684 1139 817 1224 Νέαιραν
868 1142 920 1227 τὴν
957 1142 1017 1203 νυνὶ
1060 1139 1279 1227 ἀγωνιζομένην
1323 1142 1381 1204 ὑπὸ

405 1237 577 1322 Φρυνίωνος
605 1243 657 1303 τοῦ
679 1239 881 1327 Δημοχάρους
900 1239 1043 1324 ἀδελφοῦ,
1066 1241 1114 1302 καὶ
1136 1239 1278 1328 ἐγγυητὰς
1299 1242 1383 1322 γενέ-

404 1337 476 1402 σθαι
499 1338 634 1423 Νεαίρας
656 1338 817 1425 Στέφανον
837 1337 1004 1425 ’[ιροιάὸην,
1030 1338 1201 1428 Γλαυκέτην
1227 1341 1382 1430 Κηφισιέα,

404 1435 630 1527 Ἀριστοκράτην
654 1438 804 1526 Φαληρέα.

364 1589 405 1653 In
440 1588 501 1653 hoo
537 1587 724 1654 testimonio
757 1589 1043 1655 Westermannum
1079 1588 1218 1671 primum
1254 1592 1383 1674 quidem

278 1687 483 1754 offenderunt
505 1708 697 1771 sponsorum
712 1688 843 1755 nomina
858 1688 892 1754 in
906 1689 970 1755 fine
985 1689 1162 1772 exstantia,
1186 1710 1270 1772 quae
1284 1692 1381 1772 plane

276 1807 522 1871 supervacanea
550 1795 674 1872 essent,
705 1809 776 1857 cum
806 1791 1051 1856 desideraretur
1084 1792 1145 1856 hoc
1173 1792 1242 1856 loco
1272 1810 1381 1874 causa,

277 1890 317 1955 de
338 1908 403 1972 qua
425 1890 555 1973 sponsio
577 1890 669 1957 facta
691 1895 790 1958 esset.
833 1892 881 1955 At
910 1890 971 1954 hoc
993 1889 1064 1956 viro
1093 1889 1280 1956 doctissimo
1309 1911 1382 1957 con·

277 1991 393 2056 cedere
429 2010 569 2072 nequeo:
619 1992 714 2058 immo
751 1991 911 2057 contendo
947 1991 1146 2072 polemarohi
1181 2010 1246 2056 non
1280 1992 1382 2059 fuisse

278 2108 409 2156 causam
424 2090 557 2173 afferre,
574 2092 631 2157 sed
651 2091 781 2157 nomina
795 2109 987 2172 sponsorum
1002 2091 1090 2156 nullo
1112 2092 1206 2157 modo
1228 2092 1382 2160 omittere

276 2189 416 2256 licuisse.
460 2193 543 2256 Nam
566 2211 637 2257 curn
660 2191 800 2257 Athenis
823 2191 856 2256 in
884 2191 1031 2257 omnibus
1061 2193 1174 2275 rebus,
1198 2211 1238 2257 ex
1263 2193 1381 2275 quibus

276 2290 420 2356 fortasse
452 2291 492 2357 lis
525 2291 606 2357 oriri
638 2292 762 2375 potuit,
797 2295 901 2357 testes
922 2292 976 2357 vel
1008 2310 1183 2373 sponsores
1215 2293 1381 2361 adhibitos

277 2410 379 2471 eaque
402 2391 528 2457 demum
549 2410 587 2456 rc
609 2392 708 2457 talem
730 2390 916 2472 pactionem
935 2395 1043 2456 ratam
1065 2392 1188 2458 iactam
1211 2411 1282 2457 esse
1297 2393 1380 2460 satis

276 2499 387 2557 notum
410 2491 464 2572 sit,
486 2511 562 2558 num
584 2491 713 2557 omnino
735 2490 807 2556 fieri
829 2492 954 2574 potuit,
976 2496 1013 2556 ut
1035 2493 1167 2558 nomina
1189 2511 1380 2575 sponsorum

277 2591 530 2658 omitterentur?

360 2710 476 2774 Altera
498 2708 744 2774 Westermanni
773 2706 908 2772 offensio
934 2708 1011 2774 inde
1036 2709 1181 2790 repetita
1203 2719 1271 2794 est,
1295 2714 1380 2793 quod

276 2814 389 2874 orator
409 2808 444 2873 in
465 2806 585 2889 vorbis,
609 2823 692 2886 qnae
713 2811 905 2889 sequuntur,
927 2826 1025 2873 unum
1040 2813 1169 2875 tantum
1190 2829 1380 2892 sponsorem

279 2910 392 2990 affert3
415 2912 451 2972 at
472 2909 554 2974 haec
575 2925 629 2972 res
651 2905 861 2972 offensionem
882 2927 948 2973 non
977 2909 1128 2992 praebet,
1157 2909 1214 2975 sed
1241 2912 1380 2978 maxime

275 3013 528 3076 consentaneum
550 3011 602 3074 cst
623 3014 788 3074 oratorem
809 3009 941 3074 nomina
970 3014 1154 3075 ceterorum
1177 3030 1378 3096 sponsorum,

275 3132 360 3194 quae
380 3130 444 3177 non
466 3111 509 3176 ad
530 3129 599 3176 rem
621 3128 714 3175 suam
735 3108 918 3193 pertinent,
947 3109 1100 3177 omittere
1130 3117 1164 3175 et
1190 3113 1258 3193 ejns
1285 3113 1378 3178 modo

275 3232 391 3278 nomen
413 3212 542 3292 afferre,
564 3211 599 3276 in
621 3230 714 3292 quem
736 3228 822 3275 nunc
844 3210 950 3294 magis
971 3210 1161 3276 inventurus
1183 3218 1244 3277 cst.

358 3328 507 3410 Denique
522 3328 794 3394 Westcrmannus
817 3326 898 3392 dicit
920 3347 960 3392 ex
978 3327 1161 3393 nominibus
1177 3347 1377 3411 sponsorum,

275 3449 359 3511 quate
381 3429 510 3511 quidem
532 3427 566 3493 in
587 3432 682 3493 textu
703 3444 768 3491 non
782 3427 1003 3507 reperiuntur,
1024 3428 1107 3493 nihil
1121 3429 1162 3493 de
1177 3428 1378 3495 auctoritate

274 3526 485 3593 instrumenti
506 3526 700 3592 concludere
721 3525 830 3609 licere,
853 3527 911 3593 sed
934 3547 973 3593 ea
994 3547 1015 3592 a
1036 3528 1174 3594 falsario
1197 3547 1269 3595 esse
1289 3529 1377 3598 ficta.

275 3627 382 3710 Quam
407 3625 692 3693 ratiocinationem
719 3645 913 3709 quamquam
946 3625 1028 3693 nihil
1049 3628 1161 3694 valere
1185 3630 1252 3712 jam
1279 3635 1379 3695 antea

362 3830 368 3858 ¹
387 3828 447 3881 Hoc
463 3825 578 3881 maxime
596 3826 743 3895 apparebit,
772 3826 794 3880 si
821 3827 987 3897 comparabis
1004 3828 1088 3882 verbo
1112 3832 1289 3892 καθεύδοντος
1315 3829 1376 3901 Φορ-

273 3915 372 3978 μίωνος
389 3917 417 3965 et
434 3913 571 3968 καθεύδειν
589 3917 660 3983 σφᾶς
677 3914 778 3974 αὐτούς.

358 3996 368 4025 ²
384 3993 544 4049 Rectissime
561 3993 689 4052 Reiskius
706 3994 772 4052 haec
789 3995 898 4051 nomina
915 3993 1023 4062 scripsit
1040 4010 1089 4062 pro
1106 3993 1141 4048 iis
1168 4011 1237 4062 qnae
1254 3995 1283 4049 in
1300 3995 1377 4050 libris

275 4083 393 4139 exstant.
