3234 4834
785 234 825 292 26

257 427 343 492 hano
375 427 482 509 legem
515 445 551 492 re
584 446 665 493 vera
696 429 838 497 Athenis
878 428 981 495 fuisse
1021 429 1240 510 compluribus
1274 430 1361 511 locis,

257 527 373 608 quibus
396 533 545 593 oratores
568 529 636 612 ejtrs
658 529 855 596 mentionem
876 529 1028 612 faciunt‚¹
1051 531 1220 612 probatur.

341 627 433 710 Quod
455 635 685 711 argumentum
707 628 788 712 legis
811 629 943 713 attinet,
967 629 1186 712 Thalheimio,
1210 631 1266 712 qui
1293 631 1364 714 ipse

258 746 383 809 qnoque
409 727 581 794 formulam
614 728 788 813 genuinam
822 733 960 813 censet‚²
992 730 1156 797 assentior
1189 731 1294 798 statui
1326 736 1364 797 ut

257 829 310 894 vel
331 827 407 894 vivo
429 828 549 894 marito
571 848 625 895 res
648 829 782 912 epieleri
802 830 869 897 ono
899 832 1092 914 tradantur,
1125 837 1231 897 mater
1253 838 1363 898 autem

259 927 331 1010 ipsa
352 929 386 994 in
408 930 515 994 tutela
535 929 648 996 mariti
669 935 809 996 maneat.
854 931 921 997 Alii
951 931 1079 1012 quidem
1101 932 1166 998 viri
1195 932 1299 1016 docti,
1326 941 1363 998 ut

258 1028 298 1093 de
330 1029 558 1113 Stegerenus,⁸
582 1038 785 1116 putaverunt
813 1031 978 1113 epioleron
1006 1031 1040 1097 in
1067 1032 1205 1098 tutelam
1237 1051 1363 1114 quoque

257 1128 317 1195 tilii
338 1130 414 1197 vivo
446 1131 566 1198 marito
594 1131 752 1214 transire;
786 1132 844 1199 sed
877 1134 938 1198 hoc
970 1138 1182 1215 praeceptum
1214 1151 1252 1198 re
1283 1152 1364 1199 vera

258 1231 398 1297 Athenis
420 1231 522 1299 inisse
543 1251 648 1316 neque
670 1252 729 1315 per
751 1251 786 1299 se
808 1231 986 1300 verisimile
1013 1241 1065 1299 est
1085 1252 1191 1314 neque
1212 1233 1362 1300 hocloco

257 1331 324 1398 ulla
344 1350 424 1399 voca
446 1332 664 1417 significatur,
687 1352 758 1399 cum
781 1332 959 1415 explicatio
974 1333 1126 1416 oratoria,
1149 1353 1233 1415 quae
1248 1334 1363 1400 statim

258 1432 416 1517 sequitur,
439 1433 533 1500 nobis
554 1435 675 1500 nullius
697 1433 853 1500 momenti
877 1452 949 1500 esse
971 1434 1099 1499 debeat

340 1719 425 1783 Item
459 1717 651 1784 innumero
682 1716 792 1802 legum
821 1717 1096 1784 hereditariarum
1129 1719 1281 1784 habenda
1313 1724 1364 1784 est

257 1820 340 1884 haec
361 1817 511 1902 formula,
533 1837 630 1900 quam
652 1822 765 1884 orator
786 1818 821 1883 in
844 1817 863 1903 ξ
886 1818 926 1883 29
948 1817 1085 1884 recitari
1101 1819 1212 1902 jubet:

384 1937 522 2024 Κλήροῦν
551 1937 587 2000 δὲ
615 1938 666 2001 τὸν
697 1935 834 2020 ἄρχοντα
863 1936 982 2024 κλήρων
1013 1939 1061 2000 καὶ
1088 1936 1266 2023 ἐπικλήρων,
1299 1938 1364 1999 ὅσοι

383 2038 437 2102 εἶσὶ
469 2041 571 2124 ρήνες,
608 2037 683 2124 πλήν
726 2040 778 2101 τοῦ
823 2040 1078 2121 σκιροφοριῶνος·
1120 2035 1289 2100 ἀνεπίδικον
1329 2036 1364 2100 δὲ

383 2140 493 2226 κλῆρον
511 2139 556 2226 μή
578 2135 668 2222 ἔχειν.

341 2256 391 2320 De
424 2253 591 2336 scriptura
625 2256 720 2339 hujus
753 2253 836 2337 legis
868 2272 974 2336 pauca
999 2251 1244 2336 praemittenda
1276 2260 1363 2319 sunt.

259 2354 353 2422 Libri
379 2353 496 2437 scripti
525 2354 619 2420 nobis
648 2358 809 2436 praebent
836 2356 945 2442 κλήρον
982 2354 1055 2437 (aut
1085 2356 1134 2416 τὸν
1162 2352 1284 2441 κλήρον)
1316 2356 1365 2417 κοιλ

258 2457 443 2544 ἐπικλήρων,
477 2456 563 2539 quod
595 2455 719 2539 primus
751 2455 908 2521 Reiskius
940 2459 1032 2520 recte
1063 2454 1206 2519 mutavit
1238 2453 1271 2519 in
1305 2459 1364 2518 τῶν

260 2558 389 2646 κλήρων,
411 2556 476 2622 nisi
497 2557 582 2638 quod
604 2556 763 2622 articulus
785 2561 922 2638 propter
944 2574 1069 2637 vocem,
1096 2574 1179 2637 quae
1206 2554 1364 2637 sequitur,

259 2656 427 2744 ἐπικλήρων
456 2656 655 2722 omittendus
681 2664 741 2722 est.
797 2657 879 2721 Tum
911 2655 987 2720 libri
1020 2655 1054 2720 in
1088 2661 1236 2721 extrema
1268 2662 1365 2737 parte
1469 2699 1474 2706 ·

258 2756 428 2822 habebant
449 2756 587 2831 ἐπίδικον,
609 2756 695 2838 quod
716 2755 852 2821 Hieron.
875 2755 1012 2820 Wolfius
1043 2763 1134 2822 recte
1162 2757 1304 2822 mutavit
1330 2757 1365 2820 in

259 2856 436 2921 ἀνεπίδικον.
480 2856 629 2938 Denique
651 2875 747 2923 voces
771 2859 822 2920 τὸν
844 2855 979 2940 ἄρχοντα
1001 2856 1101 2938 vulgo
1130 2875 1195 2922 non
1222 2860 1364 2938 exstant,

259 2957 317 3022 sed
339 2976 380 3022 ex
401 2976 464 3023 uno
487 2956 596 3023 codice
620 2957 744 3023 Veneto
768 2955 826 3041 (Q)
849 2975 870 3021 a
891 2955 972 3021 viria
995 2955 1100 3022 doctis
1122 2955 1257 3022 additae
1278 2962 1365 3022 sunt.

260 3053 352 3140 Quod
385 3057 644 3123 additamentum
677 3076 748 3122 cum
781 3057 1002 3139 quaerendum
1035 3055 1096 3137 sit,
1133 3061 1244 3121 utrum
1275 3061 1365 3121 recte

259 3157 402 3240 positum
435 3177 477 3224 an
507 3177 627 3224 vanum
659 3157 868 3241 grammatici
901 3156 1036 3242 alicujus
1070 3160 1284 3222 commentum
1311 3155 1365 3236 sit,

259 3277 344 3324 nunc
366 3260 406 3323 de
428 3264 498 3324 toto
520 3258 605 3342 legis
628 3262 823 3339 argumento
847 3255 1060 3338 disputemus.

342 3360 408 3424 Per
439 3377 476 3424 se
508 3358 609 3441 enim,
643 3358 671 3423 si
704 3356 868 3422 omittitur
901 3356 1110 3423 accusativus
1145 3360 1195 3420 τὸν
1221 3357 1365 3442 ἄρχοντα,

261 3460 393 3527 dubium
416 3479 488 3526 esse
510 3464 637 3542 potest,
669 3477 752 3540 quae
779 3476 843 3522 vox
871 3457 1047 3540 cogitando
1076 3457 1227 3522 addenda
1251 3456 1296 3522 sit
1324 3456 1366 3521 ad

260 3563 396 3630 verbum
428 3562 577 3650 κλήροῦν;
618 3561 661 3626 ad
693 3559 903 3626 adversarios
935 3559 1071 3624 verbum
1103 3557 1270 3640 pertinere
1303 3577 1366 3623 non

260 3669 388 3747 potest,
412 3681 483 3729 cum
505 3662 545 3728 de
568 3680 678 3727 eorum
701 3659 875 3727 sortitione
898 3658 1028 3725 dicatur
1051 3665 1110 3725 aut
1130 3660 1286 3744 λαγχάνειν
1308 3662 1367 3724 aut

347 3838 355 3865 ¹
374 3832 407 3885 cf.
426 3829 497 3884 Isaei
515 3834 583 3883 orat.
602 3831 619 3884 8
636 3828 651 3896 ξ
668 3828 716 3893 313
735 3833 802 3882 orat.
822 3828 888 3895 1οἕ
910 3831 948 3881 12.

344 3917 356 3947 2

344 4001 355 4031 ⁸
372 3916 406 4053 {i
423 3914 481 4052 leni}
496 3913 653 4065 galgata&
663 3915 695 4049 uqa
718 3994 872 4049 conatione
889 3993 964 4048 nnn
982 3993 1143 4049 feminarum
1160 3993 1367 4048 ceramensium

261 4083 407 4138 secundum
421 4081 492 4151 juris
511 4080 599 4135 Attici
615 4078 756 4152 principia.
775 4078 868 4133 Zwoll.
888 4078 953 4131 1839
970 4095 996 4146 p.
1016 4077 1072 4131 102.
