3234 4834
766 294 843 354 <20

274 488 359 556 vivis
381 488 458 555 filiis
480 489 631 573 genuinis
653 489 784 574 statuit,
807 509 845 557 eo
868 489 1012 573 oonsilio,
1037 494 1075 557 ut
1096 494 1165 557 tum
1191 490 1264 557 fieri
1289 510 1380 575 opor-

274 595 372 674 teret,
394 591 423 657 si
437 589 496 657 filii
512 593 590 656 ante
605 592 814 674 pubertatem
829 592 950 658 mortui
965 595 1085 675 essent,
1100 591 1135 658 id
1152 597 1261 658 ratum
1276 593 1380 659 esto.“

356 708 462 792 Hujus
484 714 594 774 autem
616 707 711 792 legis
734 709 819 790 quod
841 708 971 791 quidem
992 708 1097 792 video,
1119 710 1208 775 nullo
1230 708 1294 776 alio
1310 706 1379 775 looo

275 807 400 873 mentio
422 806 470 883 fit,
493 812 641 876 attamen
662 809 742 874 milri
762 808 895 875 uidetur
926 808 1015 874 nulla
1037 827 1137 875 nausa
1158 815 1300 891 exstare,
1323 828 1381 875 our

273 910 477 991 suppositam
499 915 659 993 putemus.
713 911 797 976 Nam
829 909 968 993 primum
1000 909 1130 991 quidem
1162 929 1297 993 prorsus
1328 930 1379 976 re·

274 1010 414 1091 spondet
434 1010 546 1077 uerbis
568 1011 727 1091 oratoris3
757 1016 826 1076 tum
848 1016 958 1077 autem
989 1009 1065 1092 quid
1093 1016 1145 1076 est
1171 1011 1278 1094 magis
1307 1029 1379 1077 0011-

272 1116 464 1177 sentaneum
486 1130 582 1191 quam
604 1112 674 1194 hoo,
697 1116 836 1193 patrem,
859 1130 931 1177 oum
953 1113 1207 1193 exspectandum
1229 1111 1274 1178 111
1295 1110 1378 1177 filios

272 1228 337 1275 non
359 1210 402 1276 ad
425 1230 496 1277 eam
518 1216 663 1277 aetatem
686 1216 904 1294 perventuros
927 1230 1013 1296 esse,
1037 1231 1101 1292 qua
1122 1212 1173 1278 sui
1195 1211 1276 1296 juris
1297 1212 1380 1278 fiunt

272 1316 306 1374 et
328 1309 392 1392 ipsi
413 1311 453 1376 de
475 1311 543 1376 suis
566 1310 766 1377 constituere
788 1316 942 1394 possunt,
965 1331 1023 1377 suo
1052 1312 1192 1378 arbitrio
1219 1315 1377 1395 statuere,

272 1409 324 1474 oui
345 1415 461 1494 postea
482 1411 651 1477 hereditas
674 1411 850 1495 obtingat?
893 1412 1011 1478 Altera
1033 1417 1143 1477 autem
1164 1411 1223 1476 illa
1238 1411 1376 1493 ratione,

271 1528 368 1591 quam
390 1529 491 1593 supra
513 1511 662 1593 exposui,
686 1512 904 1593 Apollodorus
928 1530 1054 1593 quoque
1075 1512 1181 1594 legem
1210 1511 1376 1593 explicuit,

271 1611 415 1678 sednon
438 1617 517 1695 puto
539 1611 761 1695 legislatorem
784 1612 833 1677 ita
854 1612 1004 1694 intellegi
1026 1611 1177 1677 voluisse.

354 1894 419 1961 Sed
441 1899 478 1960 ut
500 1899 734 1961 testamentum
762 1896 887 1979 faeere,
915 1895 965 1960 111
990 1913 1124 1960 uxorem
1151 1894 1208 1960 alii
1229 1895 1301 1960 1110
1323 1895 1375 1960 de·

270 1997 431 2078 spondero
464 1996 653 2062 Phormioni
689 2014 751 2060 non
788 1995 920 2062 licuisse
959 1995 1123 2079 judicibus
1159 1996 1375 2077 Apollodorus

269 2096 468 2177 persuadere
490 2097 611 2163 studet.
669 2095 760 2178 Quod
793 2104 831 2162 ut
864 2098 1077 2178 demonstret,
1110 2098 1252 2163 scribam
1281 2098 1376 2181 jubet

269 2196 380 2280 legere
413 2197 524 2280 νόμους
549 2195 619 2281 παρ’
649 2197 692 2260 ὧν
720 2197 874 2261 κελεύουσι
903 2198 956 2274 τὰς
978 2197 1086 2279 ἐγγύας
1110 2197 1275 2279 moretonium
1306 2203 1374 2262 tum

269 2296 418 2378 sequitur
439 2298 473 2362 in
496 2297 660 2364 codicibus
682 2299 764 2364 haee
785 2299 924 2364 formula
945 2298 978 2363 in
1002 2295 1020 2381 ξ
1043 2298 1099 2362 24:

389 2410 440 2479 “Ha
461 2415 498 2478 ἂν
528 2416 655 2503 ἐγγυήσῃ
684 2415 731 2478 ἐπὶ
760 2415 885 2490 δικαίοις
910 2416 1051 2499 δάμαρτα
1079 2413 1153 2477 εἶναι
1182 2412 1200 2500 ἦ
1229 2413 1372 2502 munisti)

392 2517 525 2603 ἀδελφὸς
544 2517 709 2601 ὁμοπάτωρ
731 2515 750 2602 ἢ
773 2515 931 2590 10111110ςὺ
954 2517 1032 2596 πρὸς
1052 2514 1182 2597 πατρός,
1210 2514 1243 2576 ἐκ
1265 2514 1376 2600 ταύτης

393 2616 467 2679 εἶναι
489 2617 600 2692 παῖδας
618 2615 761 2703 γνησίους.
785 2616 838 2677 ἐὰν
860 2614 895 2676 δὲ
914 2614 1022 2700 μηδεὶς
1050 2605 1070 2698 ᾗ
1093 2613 1216 2686 τούτων,
1242 2613 1295 2675 ἐὰν
1314 2614 1372 2695 μὲν

394 2715 554 2803 ἐπίκληρός
575 2739 617 2791 τις
630 2707 658 2800 ᾗ,
682 2716 732 2777 τὸν
754 2714 859 2797 κύριον
881 2710 978 2796 ἔχειν,
1000 2711 1053 2773 ἐὰν
1075 2711 1110 2774 δὲ
1129 2713 1174 2798 μὴ
1196 2703 1224 2797 ᾗ,
1247 2713 1313 2796 ὅτῳ
1335 2712 1371 2774 iu

392 2815 548 2903 ἐπιτρέψῃ,
572 2818 677 2877 τοῦτον
700 2813 803 2898 κύριον
826 2811 908 2876 εἶναι.

350 2965 448 3049 Cujus
469 2963 554 3046 legis
575 2963 661 3044 qnod
682 2961 728 3027 sit
749 2964 979 3045 argumentum
1001 2971 1036 3026 et
1057 2963 1215 3041 quomodo
1237 2961 1370 3045 singula

265 3066 368 3130 verba
398 3063 591 3146 posterioris
617 3062 724 3146 partis
750 3062 974 3144 intellegenda
1001 3061 1082 3144 sint,
1116 3062 1258 3127 maxima
1285 3062 1372 3129 inter

265 3165 355 3231 viros
368 3167 480 3231 dootos
493 3169 544 3229 est
556 3164 724 3229 dissensio.
758 3163 913 3230 Reiskius
925 3163 1064 3245 quidem,
1080 3182 1174 3243 quem
1185 3162 1368 3229 Heffterus¹

265 3272 397 3332 secutus
428 3272 492 3347 est,
520 3263 652 3329 rettulit
680 3264 783 3328 verba
809 3264 862 3326 ἐὰν
883 3264 918 3326 δὲ
937 3265 982 3350 μὴ
1003 3255 1026 3349 ᾖ
1047 3263 1089 3326 ad
1111 3263 1229 3346 κύριον,
1257 3263 1306 3329 ita
1334 3269 1372 3327 ut

265 3367 348 3432 haee
371 3370 459 3431 esset
480 3365 655 3429 verborum
676 3363 860 3428 sententia:
905 3363 954 3444 „si
975 3381 1041 3443 qua
1062 3363 1178 3427 mulier
1201 3368 1252 3429 est
1274 3365 1371 3428 heres

265 3469 419 3531 bonorum
443 3465 514 3547 (seu
537 3471 669 3545 apatre
691 3482 748 3529 seu
771 3465 916 3544 aprione
930 3462 1049 3528 marito
1064 3462 1278 3546 relictorum),
1302 3471 1370 3531 tum

264 3568 385 3632 habeto
408 3554 479 3631 eam
501 3583 635 3631 uxorem
657 3563 703 3646 is,
727 3564 783 3645 qui
804 3583 824 3628 a
846 3563 999 3630 defuncto
1022 3562 1184 3646 sanguine
1204 3564 1370 3645 proximus

265 3670 316 3731 est
338 3665 484 3750 (adproelz
507 3665 557 3731 sin
579 3669 689 3729 autem
714 3665 820 3730 nullus
843 3663 931 3729 adsit
950 3664 1066 3748 κύριος,
1095 3682 1115 3728 1
1140 3664 1269 3746 legibus
1298 3681 1370 3728 oon·

264 3766 402 3832 stitutus
424 3767 581 3831 bonorum
603 3764 716 3847 heres,
739 3763 858 3828 tumis
881 3769 951 3829 0110
973 3764 1089 3848 κύριος,
1123 3764 1175 3829 cui
1206 3763 1264 3828 illa
1297 3783 1370 3830 sese

263 3865 482 3949 permiserit.“
536 3865 600 3931 Sed
630 3863 768 3946 primum
809 3862 937 3944 quidem
974 3863 1007 3928 in
1038 3863 1101 3927 hac
1127 3863 1280 3929 versione
1305 3883 1369 3930 vox

264 3968 368 4051 κύριος
387 3966 528 4033 diversis
550 3965 653 4032 modis
675 3964 874 4048 explicatur,
897 3982 961 4045 qua
982 3981 1019 4027 re
1040 3968 1113 4028 tota
1134 3963 1368 4046 interpretatio

348 4138 356 4165 ¹
374 4133 406 4188 of.
424 4135 442 4188 1.
460 4133 479 4186 l.
496 4151 522 4204 p.
541 4135 586 4200 74,
