3234 4834
799 298 841 361 46

399 498 452 595 τῆς
471 494 582 560 ἑαυτοῦ
604 494 699 565 οἰκίας
717 498 765 561 καί
787 496 887 561 οὐκέτι
907 500 1054 561 συνοικεῖν
1068 496 1155 583 αὐτῇ,
1174 498 1222 568 καί
1236 495 1384 581 λαχόντος

398 596 484 681 αὐτῷ
524 594 685 683 Στεφάνου
721 597 766 666 εἰς
796 595 906 683 ᾠδεῖον
941 597 1023 663 σίτου
1065 596 1263 661 διαλύσασθαι
1304 598 1383 680 πρὸς

398 696 491 769 αὐτὸν
514 695 683 782 Στέφανον,
716 696 796 760 ῶστε
831 698 884 785 τὴν
915 699 1035 785 γραφὴν
1066 697 1263 786 ἀναιρεθῆναι
1295 697 1379 780 παρὰ

399 800 459 863 τῶν
492 795 688 882 θεσμοθετῶν
720 799 768 861 καί
799 798 852 884 τὴν
879 795 962 885 δίκην
996 801 1048 861 τοῦ
1080 795 1172 873 σίτου,
1203 798 1239 885 ἣν
1272 794 1380 881 ἔλαχεν

399 898 464 983 ἐμοὶ
486 896 653 984 Στέφανος.

358 1032 395 1097 ln
426 1030 490 1123 lmc
520 1029 708 1098 testimonio
737 1030 877 1114 primum
910 1030 1038 1113 quidem
1067 1029 1206 1097 maxime
1233 1028 1378 1111 offendit,

273 1131 359 1213 quod
380 1128 460 1198 ordo
483 1150 592 1199 rerum
614 1132 712 1214 plane
741 1130 967 1213 confunditur,
993 1131 1044 1196 ita
1068 1134 1107 1197 ut
1131 1129 1258 1196 omnino
1284 1130 1378 1195 intel-

272 1231 340 1315 legi
360 1236 534 1316 nequeant.
585 1231 681 1297 Hanc
702 1236 813 1297 autem
834 1249 943 1299 rerum
972 1230 1253 1314 perturbationem
1278 1230 1379 1297 libra·

273 1331 395 1398 riorum
416 1330 513 1416 'culpa
535 1337 642 1398 ortam
664 1351 736 1398 esse
763 1332 844 1399 mihi
870 1332 1071 1415 persuadere
1096 1351 1161 1398 non
1187 1332 1293 1415 potui,
1320 1331 1378 1397 sed

273 1450 344 1497 cum
376 1438 492 1515 partes
529 1432 710 1499 testimonii
745 1451 855 1499 omnes
891 1439 1026 1516 praeter
1047 1434 1151 1500 verba
1192 1434 1241 1497 καὶ
1280 1432 1379 1496 οὐκέτι

272 1538 418 1601 συνοικεῖν
439 1534 519 1621 αὐτῇ
543 1533 578 1600 in
604 1533 708 1616 ipsius
738 1534 898 1601 orationis
936 1540 1050 1601 tenore
1079 1538 1213 1601 exstare
1238 1531 1377 1612 videam,

272 1632 443 1699 falsarium
466 1632 606 1715 aliquem
624 1636 705 1716 puto
727 1632 911 1700 sententias
927 1633 1070 1701 oratoris
1084 1633 1298 1714 excerpsisse,
1321 1632 1379 1697 seu

272 1751 384 1798 verum
408 1751 518 1798 rerum
533 1732 680 1798 ordinem
694 1753 759 1799 uon
773 1732 962 1799 retinuisse.
1005 1734 1155 1799 Alteram
1170 1726 1378 1798 offensionem

272 1833 411 1915 praebet
430 1850 496 1898 vox
519 1832 593 1917 ἐροί,
616 1852 700 1915 quae
722 1833 852 1916 quidem
873 1834 930 1901 vix
952 1834 1157 1916 corruptela,
1184 1833 1243 1899 sed
1269 1832 1378 1916 potius

272 1930 402 2025 falsarii
423 1932 637 2017 neglegentia
659 1934 711 2001 vel
731 1933 866 2002 inscitia
888 1940 963 2000 crta
985 1951 1058 2001 esse
1079 1932 1228 2000 videtur..

354 2284 393 2349 In
414 2283 573 2351 orationis
596 2282 615 2369 ξ
638 2289 677 2348 72
699 2288 812 2350 orator
833 2284 999 2367 promittit
1014 2301 1050 2350 se
1064 2282 1290 2366 praebiturum
1305 2302 1378 2350 esse

272 2385 321 2447 καί
342 2383 450 2468 ἑτέραν
477 2383 648 2469 μαρτυρίαν
679 2388 732 2448 τοῦ
766 2408 798 2448 τε
835 2383 1011 2470 Φράστορος
1040 2386 1090 2448 καί
1122 2388 1182 2447 τῶν
1213 2383 1377 2469 φρατέρων

272 2484 366 2549 αὐτοῦ
387 2487 436 2548 καί
455 2488 612 2573 γεννητῶν,
635 2485 679 2560 ῶς
698 2481 760 2547 ἔστι
783 2484 853 2572 ξένη
876 2484 993 2569 Νέαιρα
1013 2484 1099 2573 αὕτη.
1144 2483 1238 2550 iniis
1257 2488 1377 2566 autem,

272 2603 357 2665 quae
378 2590 576 2666 sequuntur,
598 2588 711 2650 orator
732 2584 844 2650 multis
866 2584 978 2651 verbis
999 2582 1135 2667 exponit
1162 2585 1377 2651 Phrastorem

272 2689 445 2768 aegrotum
467 2703 487 2749 a
512 2684 629 2750 Phano
659 2690 852 2750 commotum
885 2703 975 2766 esse,
1007 2692 1045 2750 ut
1077 2702 1214 2768 puerum
1246 2704 1287 2750 ex
1318 2684 1377 2751 illa

272 2791 380 2853 ortum
402 2785 580 2867 adoptaret
608 2790 643 2851 et
663 2783 697 2850 in
726 2790 861 2868 gentem
882 2784 1098 2867 Brytidarum
1130 2789 1165 2852 et
1193 2785 1377 2868 phratriam

271 2885 456 2966 induceret,
479 2884 538 2951 sed
559 2902 632 2952 cum
653 2891 818 2968 genuetae
839 2903 880 2951 ne
901 2885 992 2952 illum
1020 2903 1157 2968 puerum
1184 2886 1219 2952 in
1246 2890 1377 2970 gentem

271 2986 459 3069 reciperent
479 2990 691 3052 recusassent
713 2990 747 3053 et
769 3004 790 3051 a
811 2990 908 3068 patre
929 2987 1170 3070 postulassent,
1192 2992 1230 3053 ut
1247 2987 1378 3071 juraret

271 3086 371 3154 filium
395 3086 529 3154 excire
550 3086 685 3153 muliere
700 3093 807 3153 ortum
830 3106 912 3169 esse,
934 3086 1040 3169 ipsum
1062 3088 1204 3153 noluisse
1225 3087 1294 3152 tale
1311 3087 1378 3170 Jus-

267 3188 443 3273 jurandum
465 3188 555 3254 dare.
600 3187 697 3272 OuJus
719 3186 922 3254 narrationis
943 3187 1071 3254 veritas
1098 3185 1192 3253 nobis
1224 3205 1287 3253 uno
1316 3186 1379 3253 lroc

271 3288 460 3355 testimonio
483 3288 704 3368 confirmatur,
727 3288 812 3369 quod
834 3292 947 3355 exstat
968 3287 1002 3353 in
1023 3285 1043 3372 ξ
1064 3287 1120 3353 79:

402 3422 605 3506 Τιράστρατος
637 3419 804 3508 Ἑκάληθεν,
843 3420 1018 3496 Ξάνθιππος
1050 3418 1209 3509 Ἐροιάδης,
1243 3421 1382 3508 Εὐάλκης

398 3520 562 3609 Φαληρεύς,
577 3516 696 3597 Ἄνυτος
705 3521 866 3610 Λακιάδης,
880 3522 1056 3607 Εὐφράνωρ
1068 3520 1217 3603 Αἰγιλιεύς,
1235 3520 1379 3596 Νίκιππος

400 3618 581 3709 Κεφαλῆθεν
606 3624 814 3705 μαρτυροῦσιν
834 3620 910 3685 εἶναι
938 3622 986 3684 καί
1013 3621 1126 3698 αὐτοὺς
1144 3624 1193 3686 καί
1215 3621 1378 3705 Φράστορα

397 3722 448 3783 τὸν
476 3718 603 3801 Αἰγιλιέα
632 3724 691 3783 τῶν
717 3725 877 3808 γεννητῶν,
900 3720 929 3783 οἳ
953 3721 1113 3785 καλοῦνται
1146 3719 1302 3805 Βρυτίδαι,
1329 3721 1378 3784 καί

396 3820 552 3894 ἀξιοῦντος
572 3818 749 3903 Φράστορος
769 3818 895 3900 εἰσάγειν
929 3821 980 3883 τὸν
1013 3821 1076 3884 υἱὸν
1107 3821 1201 3884 αὑτοῦ
1234 3819 1278 3896 εἰς
1309 3818 1380 3895 τοὺς

394 3919 550 4006 γεννήτας,
572 3918 690 3995 εἰδότες
716 3919 801 3982 αὐτοὶ
823 3920 869 3982 δτι
899 3918 1076 4004 Φράστορος
1101 3920 1165 3995 υίὸς
1190 3917 1237 4008 εἰη
1263 3919 1298 3984 ἐκ
1327 3923 1380 4007 τῆς

396 4017 546 4102 θυγατρὸς
587 4021 640 4104 ιη”ς
674 4016 821 4101 Νεαίρας,
868 4016 994 4081 κωλύειν
1040 4018 1167 4101 εἰσάγειν
1216 4018 1378 4103 Φράστορα

397 4120 448 4182 τὸν
470 4117 542 4180 υίιίν.
