3234 4834
794 217 833 275 39

391 404 555 494 Ἵππαρχος
583 408 742 495 Ἀδμονεδς
768 415 925 495 μαρτυρεῖ
961 410 1155 497 Ξενοκλείδην
1195 413 1243 474 καί
1280 412 1373 474 αὑτὸν

391 509 605 592 μισδώσασδαι
628 508 761 594 Νέαιραν
782 509 815 573 ἐν
835 510 975 597 ἀορίνδιρ
999 513 1051 598 τὴν
1074 515 1125 574 νῦν
1147 511 1373 599 ἀγωνιζομένην,

393 610 438 686 ὡς
470 609 593 694 ἑταίραν
628 607 721 673 οὖσαν
758 614 819 672 τῶν
851 611 1103 696 μισθαρνουσῶν,
1138 612 1186 674 καὶ
1221 611 1372 694 συμπίνειν

392 709 423 772 ἐν
454 708 594 796 Νορίνδιμ
625 709 758 794 Νέαιραν
782 708 854 793 μεθ’
882 712 976 774 αὑτοῦ
1012 712 1060 774 καὶ
1090 709 1285 774 Ξενοκλείδου
1319 713 1372 772 τοῦ

393 813 528 898 ποιητοῦ.

349 925 541 991 Testimonii
561 927 666 993 verba
691 928 812 1009 optime
842 927 1042 1009 respondent
1063 927 1128 1008 eis,
1158 944 1244 1007 quae
1273 932 1373 993 antea

267 1031 380 1091 orator
402 1026 546 1106 fecerat3
568 1031 746 1108 praeterea
768 1033 877 1092 autem
900 1028 934 1092 in
955 1026 1096 1092 formula
1117 1030 1246 1093 tantum
1261 1034 1374 1094 exstat

266 1126 497 1210 nomenpagi,
520 1146 644 1209 exque
667 1128 879 1209 Hipparchus
908 1133 1000 1195 ortus
1033 1133 1117 1194 erat.
1165 1126 1237 1209 Qua
1266 1146 1307 1192 ex
1335 1145 1373 1191 re

265 1233 303 1292 ut
336 1228 609 1294 Westermannus
651 1228 824 1294 formulam
868 1226 1043 1311 genuinam
1079 1246 1152 1292 esse
1187 1228 1370 1310 concludat,

267 1332 395 1394 tantum
417 1328 513 1394 abest
535 1334 711 1394 utcontra
732 1333 829 1412 putet
851 1327 1013 1394 exverbis
1028 1326 1187 1393 orationis
1203 1346 1223 1392 a
1238 1327 1372 1394 falsario

266 1427 375 1509 aliquo
402 1447 473 1494 eam
502 1428 731 1511 compositam,
760 1428 841 1511 pagi
868 1432 978 1494 autem
1008 1445 1123 1492 nomen
1149 1426 1260 1492 fictum
1290 1446 1372 1494 esse.

265 1529 312 1593 At
334 1528 429 1612 hujus
450 1526 714 1594 ratiocinationis
735 1528 825 1594 nulla
842 1529 935 1612 justa
963 1546 1062 1593 causa
1086 1534 1153 1609 est,
1182 1526 1279 1593 immo
1308 1528 1372 1593 nisi

266 1628 491 1710 Hippon-hum
512 1646 577 1694 uon
599 1627 702 1694 fuisse
724 1629 980 1694 Athmonensem
1009 1627 1229 1693 demonstrari
1256 1628 1371 1711 possit,

266 1729 328 1794 hoc
348 1728 477 1795 nomine
498 1729 649 1811 apposito
671 1728 905 1795 auctoritatem
931 1727 1110 1795 testimonii
1138 1726 1278 1793 maxime
1300 1748 1372 1794 con·

265 1828 390 1894 firmari
412 1830 579 1907 existimo,
603 1831 667 1896 etsi
687 1848 804 1896 nomen
834 1829 914 1896 alibi
943 1835 1002 1895 aut
1028 1830 1116 1912 apud
1137 1833 1287 1894 oratores
1314 1834 1372 1895 aut

263 1928 299 1994 in
320 1928 590 2012 inscriptionibus
611 1948 676 1995 non
698 1935 831 1995 exstare
852 1928 994 1996 videtur.

347 2181 478 2257 Neaera
506 2185 678 2263 postquam
701 2181 770 2264 jam
798 2200 869 2246 oum
898 2179 1009 2246 multis
1035 2178 1117 2246 viris
1143 2198 1211 2244 rem
1239 2179 1366 2259 habuit,

268 2285 357 2346 emta
371 2284 444 2346 erat
459 2300 480 2345 a
494 2279 691 2364 Phrynioue‚
707 2280 741 2345 id
755 2280 842 2365 quod
857 2278 1069 2345 confirmatur
1083 2279 1270 2345 testimonio
1286 2280 1367 2362 §42:

391 2397 535 2481 Φίλαγρος
560 2396 706 2472 Νελιτεδς
728 2402 883 2480 μαρτυρεῖ
909 2400 1050 2480 παρεῖναι
1078 2396 1110 2458 ἐν
1138 2395 1287 2481 Νορίνδῳ,
1316 2398 1371 2460 ὅτε

390 2496 525 2581 Φρυνίων
552 2500 569 2559 ὀ
598 2496 801 2582 Δημοχάρους
831 2496 966 2580 ἀδελφὸς
996 2494 1144 2558 κατετίδει
1172 2494 1262 2561 εἴκοσι
1293 2502 1373 2581 μνᾶς

393 2596 527 2681 Νεαίρας
547 2602 601 2684 τῆς
621 2600 672 2660 νῦν
694 2594 916 2682 ἀγωνιζομένης
941 2594 1122 2682 Τιμανορίδᾳ
1156 2598 1200 2681 τῷ
1220 2594 1372 2680 Κορινδίῳ

386 2698 435 2759 καλ
465 2697 614 2780 Εὐκράτει
645 2697 689 2780 τῷ
718 2692 891 2778 Λευκαδίῳ·
920 2697 968 2758 καί
994 2693 1138 2764 καταάελς
1160 2697 1199 2759 ἐδ
1229 2696 1372 2780 ἀργύριον

391 2792 493 2880 ᾤχετο
516 2797 639 2877 ἀπάγων
661 2793 800 2882 Ἀδηναζε
823 2794 965 2879 Νέαιραν.

348 2927 388 2991 In
421 2928 482 2991 hoo
511 2926 697 2992 testimonio
731 2927 899 3008 complura
930 2933 1023 3010 sunt,
1051 2946 1134 3009 quae
1164 2927 1372 2995 offensionem

263 3026 456 3106 praebeant.
495 3024 641 3090 Primum
655 3024 785 3105 quidem
800 3023 978 3092 offenditur
989 3027 1272 3111 Westermannns,
1288 3030 1372 3108 quod

263 3142 327 3189 non
360 3124 481 3190 dictum
515 3124 576 3206 sit,
605 3124 695 3206 cujus
723 3123 773 3188 rei
802 3141 902 3190 causa
930 3124 1100 3208 Phrynion
1128 3127 1284 3208 pecunias
1312 3129 1373 3193 sol·

263 3225 366 3317 verit3
395 3234 432 3291 at
459 3227 521 3312 hoc
548 3226 690 3308 probare
717 3243 782 3290 non
813 3242 958 3310 possum,
982 3243 1054 3291 cum
1081 3227 1167 3292 hanc
1194 3246 1263 3293 rem
1289 3227 1373 3294 satis

261 3325 443 3410 significari
484 3332 595 3409 putem
627 3325 738 3393 verbis
784 3322 920 3409 Νεαίρας
962 3330 1015 3414 τῆς
1057 3330 1108 3390 νῦν
1146 3327 1370 3415 ἀγωνιζομένης.

263 3426 406 3493 Gravior
428 3433 538 3493 autem
560 3426 669 3492 altera
690 3424 825 3492 offensio
848 3429 918 3506 est3
948 3425 982 3490 in
1010 3426 1074 3491 fine
1102 3426 1186 3492 enim
1214 3426 1373 3494 formulae

262 3526 315 3593 vir
342 3527 550 3594 doctissimus
583 3546 642 3593 suo
673 3528 747 3611 jure
777 3525 923 3609 offendit,
947 3526 1098 3607 quoniam
1128 3546 1234 3609 neque
1260 3535 1372 3593 orator

260 3627 325 3693 uilo
346 3628 416 3693 loco
441 3628 532 3711 dicit,
558 3647 621 3710 quo
643 3628 815 3710 Phryuion
836 3644 909 3692 sese
924 3626 1075 3708 verterit,
1096 3645 1203 3707 neque
1225 3632 1373 3694 extrema

261 3729 365 3794 verba
387 3748 457 3795 oum
480 3729 600 3795 ceteris
622 3729 688 3794 ullo
711 3727 805 3794 modo
834 3727 1013 3794 cohaerent
1041 3747 1147 3811 neque
1173 3729 1302 3794 omnino
1330 3731 1373 3795 ad

261 3845 330 3892 rem
352 3828 526 3910 pertinent.
584 3829 744 3895 Fortasse
776 3827 899 3894 obiciat
929 3828 1091 3911 quispiam
1112 3829 1216 3895 verba
1244 3828 1374 3895 librarii

262 3942 374 3992 errore
395 3927 554 3994 formulae
577 3929 733 4013 adjuncta
754 3946 843 4011 esse,
873 3928 914 3994 ab
942 3928 1039 3994 initio
1068 3934 1177 3994 autem
1206 3929 1248 3993 ad
1270 3930 1374 3995 verba

263 4027 427 4095 orationis
455 4030 624 4112 applicata
653 4029 773 4108 fuisse3
800 4033 837 4096 at
867 4029 929 4095 hoo
956 4035 1106 4098 statuere
1137 4048 1210 4096 mea
1242 4028 1373 4110 quidem
