3234 4834
785 221 825 281 38

257 417 360 500 patris
380 416 521 499 finxisse,
543 417 602 482 hoo
623 416 700 483 mihi
714 415 765 483 vir
786 414 988 482 dooussimus
1008 418 1115 481 mente
1128 421 1361 497 praooooupata

253 517 416 602 jndioasse
436 517 572 584 videtur.
615 517 703 584 Nam
731 534 802 582 oum
829 515 910 582 satis
939 519 1065 582 constet
1084 513 1300 581 Athenienses
1327 514 1360 581 in

257 617 410 684 addendis
437 616 616 684 nominibus
645 616 749 699 patris
777 619 812 681 et
839 613 915 698 pagi
940 613 1236 698 neglegentissimos
1263 613 1362 680 fuisse

257 723 355 800 atque
376 724 444 785 tum
466 718 600 801 simplex
621 735 734 784 nomen
756 715 915 798 posuisse,
943 721 1011 782 tum
1031 717 1084 782 vel
1106 734 1202 781 unum
1232 733 1273 781 ex
1297 714 1361 781 illis

256 819 435 886 nominibus
456 819 510 887 vel
531 823 699 898 utrumque
719 816 900 901 adjecisse,¹
921 836 982 898 quo
1007 817 1080 901 jure
1102 816 1265 899 postulare
1292 810 1361 897 nos·

262 939 380 1003 sumus,
402 923 439 986 ut
459 937 573 986 nomen
593 916 744 1001 Dionysii
764 916 867 1000 patris
888 917 967 984 alibi
987 937 1109 999 quoqne
1130 915 1258 984 exstet?

340 1204 470 1271 Neaera
490 1206 528 1268 ut
548 1220 619 1267 oum
638 1201 755 1285 Lysia,
783 1200 832 1267 ita
859 1207 973 1285 postea
999 1218 1070 1268 oum
1099 1202 1185 1268 Simo
1206 1201 1361 1267 Thessalo

255 1324 323 1371 rem
344 1302 471 1385 habuit,
492 1302 525 1368 id
547 1301 629 1384 quod
650 1302 873 1383 oomprobatnr
894 1302 1075 1369 testimonio
1096 1301 1116 1387 ξ
1137 1307 1194 1368 32:

383 1417 553 1506 Εὐφίλητος
580 1419 720 1504 Σίμωνος
744 1419 904 1496 Αἰξωνεύς,
935 1418 1147 1505 Ἀριστόμαχος
1171 1419 1362 1506 Κριτοδήμου

381 1517 584 1606 Ἀλωπεκῆθεν
614 1523 822 1605 μαρτυροῦσιν
855 1519 966 1584 εἰδέναι
998 1519 1096 1604 Σῖμον
1129 1522 1180 1583 τὸν
1216 1518 1362 1582 θετταλὸν

382 1618 566 1704 ἀφικόμενον
586 1618 726 1709 Ἀόηναζε
749 1620 793 1696 είς
813 1621 849 1684 τὰ
875 1618 1075 1709 Ναναόηναια
1103 1620 1139 1684 τὰ
1163 1620 1292 1703 μεγόλα,
1313 1621 1362 1682 καί

379 1715 447 1802 μετ’
470 1718 566 1783 αὐτοῦ
582 1720 751 1808 Νικαρέτην
765 1722 814 1784 καὶ
829 1720 962 1804 Νέαιραν
984 1721 1038 1808 τὴν
1053 1721 1114 1784 νυνί
1129 1719 1360 1808 ἀγωνιζομένην·

384 1819 432 1882 καὶ
453 1818 634 1900 κατάγεσθαι
655 1818 768 1895 αὐτοὺς
788 1820 872 1904 παρὰ
894 1818 1058 1908 Κτησίππῳ
1082 1821 1127 1905 τῷ
1143 1819 1360 1894 Γλαυκωνίδου,

383 1920 432 1982 καί
459 1917 612 2003 συμπίνειν
638 1917 705 2003 μετ’
739 1919 841 1983 αὐτῶν
872 1919 1007 2003 Νέαιραν
1039 1920 1084 1997 ὡς
1114 1919 1236 2004 ἑταίραν
1269 1918 1361 1983 οὖσαν

382 2021 431 2083 καί
466 2017 565 2082 ἄλλων
602 2020 720 2082 πολλῶν
756 2019 918 2105 παρόντων
955 2021 1004 2084 καί
1035 2021 1241 2105 συμπινόντων
1277 2019 1361 2104 παρὰ

385 2118 560 2208 Κτησίππῳ.

339 2254 380 2320 In
409 2254 469 2319 hoo
495 2252 675 2320 testimonio
696 2254 978 2322 Westermaunum
1007 2255 1087 2321 nihil
1118 2254 1205 2321 aliud
1232 2253 1363 2321 offendit

256 2353 319 2420 nisi
359 2353 442 2434 quod
479 2352 669 2436 significatio
702 2355 747 2438 τῷ
777 2353 946 2443 Κυόαντίὸη
977 2355 1084 2422 verbis
1119 2354 1283 2443 Κτησίππῳ
1320 2356 1365 2438 τῷ

260 2453 282 2516 I
285 2452 470 2517 ’λαυκανίόοο
490 2473 553 2520 non
574 2453 725 2536 apposita
753 2453 809 2535 sit;
832 2455 887 2520 sed
909 2456 988 2521 haoo
1009 2455 1139 2522 offensio
1163 2455 1243 2521 nihil
1263 2454 1361 2536 valet,

257 2573 327 2620 eum
353 2553 569 2620 Athenienses
595 2554 628 2620 in
661 2553 839 2621 nominibus
866 2555 1016 2622 notandis
1036 2575 1100 2623 non
1125 2555 1187 2622 sibi
1216 2559 1363 2621 mustene

253 2654 322 2737 jam
351 2658 448 2721 antea
477 2653 595 2720 dietum
628 2654 681 2720 sit.
735 2653 856 2720 Contra
885 2673 924 2719 ex
956 2656 1018 2721 hao
1048 2655 1120 2737 ipsa
1153 2674 1190 2721 re
1224 2654 1363 2721 fortasse

258 2757 479 2835 argumentum
517 2755 663 2835 quamvis
696 2754 769 2820 levo
810 2753 1014 2822 auctoritatis
1048 2755 1223 2823 testimonii
1261 2753 1363 2837 repeti

256 2856 377 2935 potest3
404 2871 479 2918 nam
504 2851 680 2935 falsarium,
706 2852 735 2920 si
762 2853 869 2920 verbis
898 2855 1034 2922 oratoris
1064 2855 1099 2922 in
1130 2856 1267 2923 formula
1293 2873 1362 2920 oon-

256 2951 391 3018 fieienda
421 2971 497 3021 usus
531 2956 630 3034 esset,
663 2953 746 3019 hano
776 2973 899 3035 quoque
932 2954 1193 3039 significationem
1225 2953 1362 3021 transla-

260 3061 366 3120 turum
387 3054 485 3121 fuisse
499 3053 757 3122 existimaverim.
800 3055 994 3137 Ceteroquin
1008 3061 1114 3123 antem
1135 3075 1237 3136 neque
1260 3055 1362 3121 forma

256 3175 358 3236 neque
398 3175 500 3222 sermo
535 3174 638 3237 neque
675 3160 897 3240 argumentum
928 3157 1021 3241 hujus
1060 3156 1233 3224 testimonii
1263 3158 1360 3224 ullam

257 3255 458 3322 offensionem
472 3257 613 3340 praebet,
629 3255 797 3322 sedetiam
813 3257 941 3324 nomina
957 3257 1087 3324 testium
1101 3257 1201 3324 alibi²
1221 3262 1361 3324 exstant.

339 3537 453 3623 Quare
470 3543 672 3606 transeamus
693 3541 735 3607 ad
758 3540 1002 3608 examinandum
1023 3542 1256 3626 testimonium,
1279 3543 1362 3624 quod

255 3639 290 3706 in
311 3638 330 3724 ἓ
351 3645 390 3705 36
414 3643 540 3706 exstat:

343 3879 350 3905 ¹
368 3874 428 3928 Hoo
444 3875 560 3930 maximo
577 3880 691 3944 apparet
708 3892 742 3930 ex
759 3875 850 3931 titulis
867 3875 967 3931 atticis.

256 4047 318 4095 orat
340 3958 489 4113 Ξορίὲἳὸλ
507 3960 538 4014 d.
556 3961 609 4014 vol.
624 3961 636 4014 1
649 3977 675 4028 p.
687 3960 737 4015 307
749 3964 778 4014 et
790 3963 854 4026 3093
871 3960 1011 4015 Demosth.
1030 3966 1098 4014 orat
1115 3961 1149 4014 23
1166 3960 1182 4026 ξ
1201 3961 1233 4014 13
1250 3966 1279 4015 et
1296 3963 1355 4024 1313
