3234 4834
763 291 803 351 45

358 484 517 569 Εὔβουλος
535 485 772 572 Νροβαλίσιος,’
794 484 957 575 Διοπείθης
977 485 1134 560 Νελιτεάς,
1158 485 1283 572 Ντῆσων
1304 484 1338 547 ἐκ

358 586 526 671 Νεραρέων
554 591 778 672 μαρτυροῦσιν,
811 586 916 675 ἐπειδὴ
952 589 982 650 αἱ
1018 586 1168 667 διαλλαγαὶ
1200 583 1337 667 ἐγένοντο

356 687 386 748 αί
409 688 478 771 περὶ
503 686 634 771 Νεαίρας
657 685 802 771 Φρυνίωνι
831 689 880 751 καί
902 686 1070 772 Στεφάνῳ,
1102 685 1242 760 πολλάκις
1266 707 1338 747 συν-

357 785 512 874 δειπνῆσαι
539 786 715 862 αὐτοῖςκαὶ
745 785 898 872 συμπίνειν
928 787 1007 870 μετὰ
1036 784 1170 869 Νεαίρας
1196 789 1251 871 τῆς
1278 784 1338 847 νυνὶ

356 886 575 973 ἀγωνιζομένης
614 887 663 949 καὶ
702 886 795 949 ι’)πάτε
837 886 921 969 παρὰ
956 884 1107 970 Στεφάνῳ
1141 879 1187 971 εἴη
1219 881 1337 966 Νέαιρα

356 987 405 1049 καὶ
426 986 519 1050 (inrita
541 986 625 1070 παρὰ
649 984 802 1070 Φρυνίωνι.

314 1120 351 1183 lu
380 1119 442 1185 hoc
471 1118 658 1184 testimonio
691 1137 796 1201 neque
828 1119 857 1184 si
884 1137 1065 1184 sermonem
1093 1135 1197 1196 neque
1229 1114 1258 1180 si
1284 1134 1338 1180 res

231 1220 321 1301 ipsas
343 1218 534 1301 respicimus
562 1220 736 1301 quidquam
759 1225 826 1301 est,
855 1220 940 1299 quod
961 1219 1202 1299 vituperemus,
1232 1233 1271 1281 ao
1296 1234 1338 1281 ue

231 1320 502 1385 Westermannus
536 1320 665 1401 quidem
701 1319 828 1402 habuit,
865 1319 950 1401 quod
986 1322 1103 1383 contra
1137 1319 1206 1400 ejus
1241 1315 1337 1381 fidem

231 1419 398 1502 proterret
452 1419 628 1502 l'ituperat
650 1425 760 1485 autem
781 1419 815 1485 id
838 1438 949 1499 unum,
979 1418 1110 1484 uomina
1137 1423 1270 1500 patrum
1302 1415 1337 1481 in

231 1520 372 1585 formula
393 1520 524 1599 deesse3
547 1521 605 1586 sed
626 1520 666 1585 de
688 1520 751 1584 hac
773 1538 809 1584 re
827 1521 896 1602 jam
925 1538 1027 1601 supra
1052 1516 1241 1583 accuratius
1272 1516 1336 1583 dis·

232 1623 381 1700 putatum
404 1625 466 1684 est.

314 1904 447 1969 Neaera
467 1922 537 1968 oum
561 1905 603 1969 ad
626 1903 826 1993 Stephanum
849 1902 995 1984 veniret,
1014 1904 1082 1986 jnm
1110 1902 1227 1984 filiam,
1253 1921 1337 1983 quae

230 2010 330 2069 autea
352 2003 520 2088 Strybele,
543 2009 613 2069 tum
634 2005 748 2069 Phano
774 2005 1022 2087 nominabatur,
1051 2023 1159 2070 secum
1188 2003 1337 2068 duxerat.

232 2103 336 2186 Quam
357 2104 458 2170 filiam
479 2105 676 2187 Stephanus,
699 2104 794 2185 quasi
816 2109 905 2170 esset
926 2123 986 2179 sua
1007 2102 1111 2185 ipsius
1133 2103 1211 2185 filia,
1236 2102 1336 2168 Phra-

230 2203 313 2268 stori
335 2204 518 2287 despondit,
541 2205 597 2286 qui
619 2210 728 2271 tamen
750 2204 860 2286 paullo
882 2211 967 2288 post,
991 2223 1060 2270 cum
1083 2202 1251 2269 mulierem
1272 2223 1337 2269 non

231 2303 405 2387 Stephani,
436 2306 494 2371 sed
522 2307 671 2372 Neaerae
698 2305 798 2372 filiam
829 2323 902 2371 esse
932 2303 1156 2396 comperisset,
1179 2304 1270 2369 illam
1296 2324 1337 2370 ex

231 2404 324 2469 domo
357 2406 483 2488 expulit
515 2425 619 2487 neque
652 2407 760 2472 dotem
794 2404 947 2470 reddidit.
1006 2402 1116 2486 Quare
1149 2403 1336 2486 Stephanus

230 2503 324 2570 initio
357 2506 486 2587 quidem
522 2506 698 2572 Phrastori
730 2505 892 2571 actionem
924 2503 1151 2569 alimentorum
1184 2503 1336 2589 intendit,

231 2606 289 2670 sed
312 2625 382 2672 cum
406 2612 521 2672 contra
537 2607 698 2672 Phrastor
719 2605 825 2688 ipsum
848 2611 1029 2680 accusaret,
1053 2605 1138 2686 quod
1160 2603 1223 2669 sibi
1244 2626 1336 2688 pere-

230 2705 360 2788 grinam
381 2707 548 2772 mulierem
575 2707 609 2772 in
638 2706 880 2772 matrimonium
903 2705 1062 2786 dedisset,
1092 2724 1151 2770 sua
1178 2712 1295 2787 sponte
1317 2726 1337 2771 a

230 2806 412 2872 Phrastore
434 2808 546 2889 petiit,
569 2814 607 2871 ut
635 2807 878 2873 accusationem
905 2806 1036 2872 tolleret
1062 2811 1096 2871 et
1117 2805 1188 2888 ipse
1210 2824 1337 2889 quoque

232 2904 273 2967 ab
296 2905 425 2969 actione
447 2904 586 2970 destitit.
631 2905 734 2988 Quam
757 2925 836 2988 rem,
860 2924 931 2971 cum
956 2907 1121 2971 Neaeram
1147 2925 1220 2971 esse
1246 2925 1338 2988 pere·

230 3001 359 3084 grinam
381 3008 497 3085 aperte
521 3003 738 3086 demonstret,
761 3005 981 3086 Apollodorus
1004 3005 1037 3069 in
1055 3006 1203 3071 oratione
1224 3006 1336 3072 multis

229 3101 340 3167 verbis
363 3101 497 3184 exponit
519 3108 619 3183 atque
641 3102 742 3167 etiam
768 3103 983 3167 Phrastorem
1011 3102 1218 3186 adhortatur,
1241 3110 1278 3170 ut
1299 3124 1336 3169 re

229 3219 310 3267 vera
335 3204 397 3268 hoc
424 3202 548 3268 factum
581 3221 652 3268 esse
681 3207 825 3269 testetur
888 3203 971 3268 Tnm
1004 3203 1152 3284 sequitur
1183 3204 1217 3269 iu
1250 3203 1268 3290 ᾗ
1296 3206 1335 3269 71

229 3303 291 3369 hoc
311 3303 551 3370 testimoninm:

357 3430 506 3515 Φράστωρ
541 3429 684 3512 Λῖγιλιεὺς
712 3434 879 3513 μαρτυρεῖ,
915 3430 1020 3519 ἐπειδὴ
1059 3426 1172 3518 ᾔσθετο
1205 3430 1339 3515 Νεαίρας

355 3529 507 3615 θυγατέρα
529 3531 712 3618 ἐγγυήσαντα
740 3531 825 3615 αὐτῷ
847 3530 1006 3616 Στέφανον
1036 3532 1081 3601 ὡς
1105 3532 1215 3595 ἑαυτοῦ
1243 3528 1336 3595 οὖσαν

354 3629 521 3714 θυγατέρα,
542 3630 716 3714 γράψασθαι
748 3630 842 3694 αὐτὸν
870 3632 991 3718 γραφὴν
1018 3633 1098 3715 πρὸς
1124 3630 1196 3700 τοὺς
1223 3632 1336 3715 θεσρο-

354 3728 447 3800 θέτας
473 3730 549 3794 κατὰ
579 3732 629 3792 τὸν
659 3730 759 3813 νάρον,
785 3732 834 3809 καί
864 3732 916 3817 τὴν
944 3730 1108 3815 ἄνθρωπον
1135 3730 1274 3811 ἐκβαλεῖν
1302 3731 1336 3795 ἐκ

312 3962 464 4031 ¹Rossius,
483 3963 515 4017 de
533 3961 612 4031 pagis
636 3961 737 4015 Atticis
760 3978 786 4029 p.
811 3966 859 4016 156
882 3962 1022 4018 contendit
1046 3962 1146 4017 Eubuli
1169 3963 1255 4017 filium
1277 3979 1336 4018 essa

228 4044 312 4112 illum,
331 4044 377 4112 qni
397 4045 426 4099 in
443 4045 582 4099 Demosth.
601 4061 638 4099 or.
657 4046 691 4099 54
713 4045 729 4114 ἕ
749 4047 776 4099 ll
797 4052 1034 4111 commemoratum
1053 4047 1100 4101 sed
1121 4047 1155 4100 de
1177 4046 1228 4100 hac
1243 4062 1272 4100 re
1289 4046 1337 4100 vix
1387 4055 1391 4062 '

226 4128 368 4197 dijudicari
385 4144 463 4197 posse
480 4128 613 4184 existimo.
