3234 4834
769 354 809 416 50

240 556 292 618 est
313 550 515 634 Stephanum
537 557 637 618 antea
658 550 790 634 saepius
812 550 977 633 Epaoneti
999 555 1034 617 et
1056 550 1191 617 Phanus
1214 570 1347 618 cousue-

245 652 392 718 tudinem
412 652 610 736 permisisse,
633 657 671 717 ut
692 651 746 720 hic
767 672 806 719 eo
827 651 975 719 securior
996 650 1101 718 fieret.

324 751 469 818 Gravior
491 758 601 818 autem
623 758 675 818 est
696 753 804 818 altera
827 751 1072 819 Westermanni
1094 751 1238 833 offensio,
1262 771 1345 832 quae

240 853 274 918 in
289 872 326 919 eo
342 857 402 935 est,
425 853 510 934 quod
531 852 725 935 posterioris
741 852 848 936 partis
870 852 1032 935 pactionis
1054 853 1096 917 ab
1111 857 1243 917 oratore
1257 853 1346 918 nulla

240 952 278 1018 fit
298 952 420 1018 mentio
442 958 543 1034 atque
564 958 732 1036 postrema
753 952 899 1019 condicio
927 951 1026 1018 etiam
1047 957 1214 1035 repugnat
1236 954 1346 1018 verbis

241 1054 285 1129 εἰς
297 1049 422 1116 ἔκδοσιν.
465 1052 526 1119 Oui
540 1052 713 1136 posteriori
731 1051 900 1118 offensioni
916 1070 1110 1133 quamquam
1132 1052 1216 1117 obici
1235 1059 1347 1134 potest

239 1170 305 1217 uon
324 1152 474 1235 intellegi
496 1153 682 1235 conubium,
717 1154 802 1234 quod
823 1153 918 1218 brevi
939 1153 1012 1235 fiat,
1049 1153 1108 1218 sed
1135 1153 1243 1218 dotem
1272 1153 1345 1219 ideo

241 1251 329 1335 dari,
352 1260 391 1319 ut
412 1253 539 1320 mulieri
560 1260 629 1320 tum
651 1254 791 1336 demum,
815 1253 844 1318 si
873 1252 961 1318 forte
987 1253 1107 1333 nubat,
1130 1257 1264 1334 praesto
1291 1253 1345 1335 sit,

240 1357 351 1418 tamen
369 1353 460 1435 prior
481 1354 538 1419 illa
557 1359 681 1433 restot3
702 1359 801 1436 atque
817 1352 955 1418 maxime
974 1351 1090 1417 mirum
1110 1359 1211 1435 33331,
1232 1353 1260 1418 31
1275 1372 1346 1419 ora·

241 1457 296 1519 tor
307 1453 341 1519 in
353 1454 602 1521 accuratissima
616 1454 828 1521 enarratione
843 1454 928 1519 hauc
943 1452 1161 1518 condicionem
1174 1453 1345 1519 omisisset.

243 1553 325 1618 Tum
358 1553 539 1620 haesitavit
564 1556 837 1622 Westermannus
868 1554 903 1618 in
931 1570 1011 1618 voce
1044 1553 1229 1628 διαλλακταί,
1263 1571 1346 1635 3333

240 1653 350 1734 posita
372 1660 461 1720 esset
477 1673 537 1737 pro
556 1656 613 1722 illa
634 1654 793 1744 διαιτηταί,
816 1672 887 1720 oum
908 1652 943 1718 in
966 1653 1080 1718 tabula
1095 1653 1224 1734 publica
1236 1654 1345 1719 verbis

240 1753 383 1836 propriis
412 1772 452 1821 ac
480 1755 689 1822 sollemnibus
712 1756 868 1820 utendum
893 1753 996 1819 fuisse
1020 1752 1197 1837 judicaret.
1242 1751 1346 1834 Quam

240 1851 449 1919 offensionem
481 1855 780 1922 Hudtwalokerus'
813 1855 863 1920 ita
904 1855 1021 1920 tollere
1067 1852 1214 1934 studuit,
1244 1857 1282 1917 ut
1310 1871 1346 1917 re

241 1972 322 2020 vera
337 1953 514 2031 declimate
531 1955 700 2021 exstitisse
719 1956 942 2034 contenderet,
958 1953 1106 2021 diversos
1128 1955 1170 2019 ab
1192 1952 1233 2018 iis
1256 1951 1343 2018 arbi·

240 2053 318 2137 1313,
340 2054 397 2140 331
422 2055 610 2121 dicerentur
632 2054 793 2144 3133333333
817 2061 854 2120 31
881 2073 953 2121 cum
975 2055 1027 2120 vir
1048 2053 1341 2135 doctissimussen·

240 2155 378 2221 tentiam
397 2175 489 2221 suam
507 2154 722 2239 locupletibus
735 2155 932 2221 testimoniis
958 2155 1150 2222 confirmare
1174 2170 1239 2220 non
1254 2161 1346 2235 potu-

241 2254 325 2338 erit,
347 2254 426 2319 mihi
444 2254 690 2322 Westermanni
712 2254 845 2321 offensio
868 2256 975 2320 adhno
988 2256 1101 2320 valere
1121 2253 1262 2321 videtur.

325 2353 372 2419 Ut
394 2358 504 2420 autem
526 2374 614 2420 vana
635 2361 843 2438 argumenta,
865 2374 949 2437 3333
971 2359 1087 2420 333133
1109 2353 1248 2419 aliarum
1270 2370 1344 2434 quo·

240 2472 302 2536 que
324 2454 537 2520 formularum
558 2455 791 2522 auctoritatem
813 2456 954 2537 protulit
985 2472 1132 2536 quaeque
1150 2455 1219 2537 jam
1246 2471 1346 2534 supra

240 2555 374 2637 repulsa
402 2561 494 2637 sunt,
517 2555 682 2638 omittam,
704 2555 757 2622 vir
786 2555 994 2622 doctissimus
1022 2555 1096 2620 ideo
1123 2554 1344 2621 testimonium

240 2654 444 2736 suppositum
467 2674 539 2721 3333
556 2656 728 2739 Judicavit,
752 2657 838 2737 quod
859 2657 921 2721 hoo
941 2655 1072 2721 minime
1092 2657 1290 2736 probaretur
1312 2652 1345 2717 id

241 2756 326 2834 quod
347 2759 461 2820 orator
483 2756 710 2822 demonstrare
731 2755 845 2822 voluit.
889 2756 1051 2820 Neaeram
1066 2754 1195 2837 quidem
1219 2753 1346 2818 omnino

241 2873 304 2919 non
336 2854 512 2938 nominari,
545 2855 578 2920 id
609 2875 674 2921 non
706 2855 823 2922 mirum
855 2861 916 2937 est,
949 2856 1007 2920 sed
1040 2857 1082 2920 ab
1115 2854 1260 2935 arbitris
1292 2851 1347 2933 qui

173 2997 175 3001 «
241 2955 370 3034 quidem
404 2975 614 3037 3333333333
646 2975 700 3022 333
727 2958 769 3022 ab
799 2964 940 3038 utraque
967 2960 1063 3037 parte
1095 2959 1212 3038 gestae
1240 2958 1345 3036 erant,

240 3073 304 3120 uon
325 3054 540 3139 ignorabant,
571 3056 601 3123 si
627 3076 692 3122 non
718 3056 781 3122 hae
807 3075 933 3137 333333,
963 3061 1111 3121 attamen
1133 3074 1185 3137 ea,
1214 3074 1255 3121 ex
1283 3072 1347 3135 333

241 3156 312 3220 3313
352 3156 393 3221 de
429 3158 578 3223 Neaerae
614 3156 744 3239 origine
790 3156 893 3223 conici
935 3156 1061 3239 potuit,
1103 3154 1348 3220 commemorari

241 3254 370 3336 debuit,
396 3256 597 3338 Stephanum
625 3258 732 3340 ipsum
759 3275 819 3323 sua
849 3262 965 3338 sponte
992 3255 1216 3338 proposuisse,
1247 3262 1284 3319 ut
1313 3254 1346 3317 iu

243 3353 387 3436 gratiam
408 3356 566 3423 redirent.

324 3454 439 3534 Itaque
460 3454 572 3521 facere
592 3475 657 3521 non
686 3456 825 3538 poteris,
854 3455 945 3539 quin,
975 3474 1046 3521 cum
1074 3458 1125 3519 tot
1154 3453 1347 3519 offensiones

242 3558 448 3629 concurrant,
482 3555 642 3622 formulae
684 3556 917 3622 auctoritatem
962 3555 1093 3621 defendi
1140 3573 1204 3619 non
1251 3571 1347 3635 posse

242 3653 411 3718 concedas.

324 3918 448 3985 Postea
468 3922 594 4003 Phano,
616 3923 765 3988 Neaerae
788 3920 869 4002 filia,
892 3941 912 3986 a
933 3919 1101 4000 Stephano
1123 3915 1293 3998 Theogeni
1313 3916 1346 3981 iu

242 4018 482 4086 matrimonium
505 4023 585 4087 data
607 4030 658 4088 331
680 4026 779 4102 31333
801 4021 919 4103 etiam,
948 4040 1018 4085 cum
1040 4017 1094 4082 hic
1116 4015 1346 4100 magistratum

327 4187 335 4214 ¹
353 4186 386 4239 cf.
405 4187 422 4239 l.
441 4187 457 4240 l.
476 4204 501 4255 p.
521 4190 570 4242 158
587 4189 678 4241 adnot.
