3234 4834
785 339 825 399 53

385 539 524 619 γυναικὸς
538 537 640 624 ἀστῆς,
656 535 838 622 ἀφίστασθαι
861 540 913 599 τοῦ
935 537 1052 617 ἀγῶνος
1070 535 1179 624 ἤθελον
1202 539 1254 599 τοῦ
1270 534 1362 599 Νεαί-

380 659 449 720 ρας,
473 638 521 699 καὶ
543 634 574 722 εί
592 660 617 699 τι
639 636 672 700 ἐκ
692 641 751 699 τῶν
765 636 910 717 βασάνων
926 635 1136 724 βλαφθείησαν
1150 637 1180 699 αί
1195 635 1362 720 ἄνθρωποι,

384 735 533 800 ἀποτίνειν
556 738 601 799 ὅτι
622 736 818 825 βλαβείησαν.

243 940 248 953 ⁴
341 869 485 953 Quarum
506 870 719 936 formularum
739 870 773 934 in
795 869 979 952 posteriore
1002 869 1128 936 codices
1147 868 1360 952 manuscript

260 971 415 1038 exhibent
443 972 546 1036 verba
574 973 619 1034 ὅτι
646 971 680 1035 ἐκ
709 969 870 1055 Στεφάνου
885 969 968 1046 εἰσί,
1001 989 1084 1052 quae
1112 969 1300 1037 Dindorfius
1327 970 1362 1035 in

258 1072 402 1138 editione
424 1090 484 1138 sua
505 1071 663 1137 servavit.
707 1074 754 1137 At
781 1071 864 1136 haee
884 1072 988 1137 verba
1015 1071 1102 1145 ferri,
1124 1090 1188 1136 non
1216 1076 1363 1154 possunt,

257 1191 333 1238 nam
361 1178 474 1237 orator
501 1171 536 1237 id
561 1170 668 1253 ipsum
697 1171 924 1237 demonstrare
952 1171 1023 1236 vult
1050 1171 1171 1237 liberos
1199 1189 1363 1237 essenon

259 1272 435 1355 Stephani,
457 1273 516 1338 sed
537 1273 703 1354 Neaerae,
727 1271 759 1337 id
782 1272 867 1353 quod
896 1279 1037 1354 apparet
1066 1291 1107 1338 ex
1127 1271 1254 1355 verbis,
1278 1290 1363 1353 quae

258 1377 448 1457 sequuntur.
493 1372 603 1456 Quare
625 1372 705 1438 mihi
728 1372 911 1438 Voemelius
934 1374 1057 1439 rectius
1081 1372 1200 1441 fecisse
1221 1373 1362 1455 videtur,

260 1493 332 1556 cum
354 1474 516 1540 scriberet
538 1476 584 1538 uu
606 1475 660 1538 οὐκ
682 1473 715 1536 ἐκ
738 1472 899 1558 Στεφάνου
921 1473 983 1538 εἰσί.

341 1592 409 1655 Iam
438 1590 467 1656 si
489 1591 529 1656 de
557 1589 758 1656 auctoritate
785 1588 1075 1654 instrumentorum
1100 1587 1296 1671 quaerimus,
1322 1606 1364 1654 ne

260 1690 534 1758 Westermannus
555 1692 685 1772 quidem
707 1691 805 1755 ullam
823 1692 948 1773 justam
974 1690 1183 1757 offensionem
1211 1688 1362 1771 proferre

259 1789 386 1871 potuit,
414 1791 471 1856 sed
499 1791 618 1874 objecit
645 1791 755 1873 modo,
778 1790 864 1873 quod
888 1792 956 1874 jam
984 1789 1064 1856 aiibi
1091 1790 1273 1856 refutatum
1302 1793 1363 1872 est,

261 1889 420 1955 formulas
457 1910 497 1956 ex
534 1891 682 1956 oratione
718 1891 915 1972 compositas
948 1895 982 1957 et
1014 1889 1144 1956 nomina
1177 1889 1311 1956 testium
1344 1909 1365 1956 a
1436 1933 1440 1938 -

259 1989 396 2055 falsario
411 1989 489 2056 ficta
504 2010 586 2057 esse.
630 1991 752 2057 Contra
773 1991 918 2057 fortasse
932 1992 1087 2057 nonnulla
1109 1990 1256 2072 quamvis
1277 1990 1365 2055 levia

260 2095 457 2172 argumenta
493 2090 607 2157 afferri
637 2096 790 2173 possunt,
828 2111 868 2156 ex
900 2091 1017 2173 quibus
1051 2090 1233 2157 auctoritas
1265 2095 1365 2171 atque

259 2188 339 2255 fides
361 2191 652 2258 instrumentorum
675 2198 847 2274 appareat.
901 2192 1016 2258 Nonne
1047 2192 1132 2257 enim
1153 2191 1366 2275 judicandum

260 2295 311 2355 est
330 2290 518 2374 falsarium,
543 2292 572 2359 si
593 2291 703 2358 verbis
726 2291 869 2358 oratoris
890 2310 968 2358 usus
991 2298 1095 2365 esset.
1118 2309 1365 2373 supervacanea

259 2410 394 2475 qnoque,
417 2401 454 2459 ut
476 2392 606 2458 nomina
621 2411 802 2474 servarum,
824 2391 858 2456 in
874 2391 1096 2458 testimonium
1116 2390 1364 2473 translaturum,

264 2494 308 2572 et,
331 2510 401 2557 cnm
425 2498 537 2558 cetera
558 2494 661 2558 verba
682 2490 872 2573 recepisset,
885 2492 988 2557 verba
1009 2510 1136 2574 quoque
1160 2493 1179 2579 ἡ
1201 2491 1367 2579 Στροβῆλη

259 2593 429 2681 καλουμένη
450 2598 659 2676 recepturum
681 2592 808 2658 fuisse?

344 2707 421 2775 Oum
450 2719 559 2777 autem
592 2710 625 2777 in
658 2716 829 2778 structura
860 2729 924 2775 nou
957 2710 1006 2776 ita
1040 2709 1186 2793 eleganti
1220 2712 1289 2794 περὶ
1322 2709 1366 2773 ῶν

260 2804 364 2891 ᾐτιᾶτο
400 2807 625 2894 Ἀπολλόδωρος
660 2810 834 2896 Στέφανον,
877 2812 945 2895 περὶ
979 2810 1116 2895 Νεαίρας
1146 2829 1187 2876 ne
1220 2810 1367 2876 Wester-

262 2923 399 2970 mannus
423 2908 550 2987 quidem
574 2909 728 2989 offendat,
751 2911 842 2973 nulla
860 2911 928 2992 jam
952 2928 1053 2975 causa
1075 2914 1204 2991 exstat,
1228 2927 1285 2974 cur
1314 2928 1369 2974 ne·

262 3022 376 3084 gemus
399 3024 496 3085 posse
519 3006 647 3086 quidem
670 3007 828 3072 formulas
849 3016 982 3074 nostras
1008 3010 1138 3075 easdem
1168 3028 1255 3091 esse,
1283 3028 1367 3091 quae

264 3104 299 3169 in
317 3104 440 3186 judicio
462 3125 482 3170 a
504 3104 613 3171 scriba
633 3104 796 3172 recitatae
819 3114 919 3172 sunt'

345 3421 486 3489 Praeter
519 3424 601 3488 haec
629 3442 712 3506 quac
741 3425 848 3490 adhuc
875 3423 1021 3489 tractavi
1048 3423 1118 3491 litis
1149 3425 1370 3493 instrumenta

262 3522 296 3588 in
317 3524 380 3588 hac
407 3524 556 3590 oratione
586 3525 670 3591 duae
700 3525 860 3592 formulae
890 3524 1118 3609 reperiuntur,
1147 3546 1213 3592 una
1240 3527 1369 3608 quidem

261 3623 458 3706 populisciti,
482 3625 590 3690 altera
607 3625 834 3709 jurisjurandi.

349 3743 459 3823 Atque
491 3742 630 3824 primum
666 3743 795 3823 quidem
823 3742 1025 3824 inquiramus
1053 3743 1087 3808 in
1117 3743 1304 3826 populisciti
1331 3745 1371 3811 de

261 3840 540 3909 Plataeensibus²
560 3843 741 3926 formulam,
765 3842 904 3924 quaein
926 3841 945 3928 ξ
968 3843 1028 3909 136
1050 3849 1176 3910 exstat:

348 4014 356 4041 ¹
375 4008 446 4063 Item
464 4011 533 4064 hanc
550 4010 693 4065 formulam
711 4009 857 4078 genuinam
875 4014 957 4077 putat
973 4009 1113 4078 Kirchuer,
1131 4011 1148 4064 l.
1166 4012 1183 4065 l.
1201 4029 1227 4080 p.
1244 4014 1285 4065 33.

347 4096 357 4125 ²
374 4093 414 4147 De
433 4100 563 4162 tempore,
582 4110 634 4160 quo
653 4094 703 4147 hoc
719 4092 913 4161 populiscitum
931 4094 1034 4147 foetum
1048 4100 1098 4161 est,
1112 4094 1173 4149 vide
1191 4112 1259 4164 quae
1271 4097 1370 4152 Szauto

262 4177 373 4249 scripsit
390 4176 418 4233 in
437 4177 535 4234 studiis
552 4176 705 4235 Vindobon.
723 4192 747 4233 a.
766 4177 833 4234 1884
850 4193 877 4246 p.
898 4177 952 4237 lou.
