<?xml version="1.0" encoding="UTF-8"?>
<!DOCTYPE html PUBLIC "-//W3C//DTD XHTML 1.0 Transitional//EN"
    "http://www.w3.org/TR/xhtml1/DTD/xhtml1-transitional.dtd">
<html xmlns="http://www.w3.org/1999/xhtml" xml:lang="en" lang="en">
 <head>
  <title>
</title>
<meta http-equiv="Content-Type" content="text/html;charset=utf-8" />
  <meta name='ocr-system' content='tesseract 3.04.00' />
  <meta name='ocr-capabilities' content='ocr_page ocr_carea ocr_par ocr_line ocrx_word'/>
</head>
<body>
  <div class='ocr_page' id='page_1' title='image "./delitisinstrume01staegoog_0019.png"; bbox 0 0 3234 4834; ppageno 0'>
   <div class='ocr_carea' id='block_1_1' title="bbox 713 330 812 398">
    <p class='ocr_par' dir='ltr' id='par_1_1' title="bbox 713 330 812 398">
     <span class='ocr_line' id='line_1_1' title="bbox 713 330 812 398; baseline 0.02 -2"><span class='ocrx_word' id='word_1_1' title='bbox 713 330 812 398; x_wconf 64' lang='lat'>&#39;15</span> 
     </span>
    </p>
   </div>
   <div class='ocr_carea' id='block_1_2' title="bbox 243 530 1352 1625">
    <p class='ocr_par' dir='ltr' id='par_1_2' title="bbox 243 530 1352 1625">
     <span class='ocr_line' id='line_1_2' title="bbox 246 530 1347 619; baseline -0.005 -19"><span class='ocrx_word' id='word_1_2' title='bbox 246 534 390 619; x_wconf 78' lang='lat' dir='ltr'>exstitit,</span> <span class='ocrx_word' id='word_1_3' title='bbox 434 534 490 615; x_wconf 88' lang='lat' dir='ltr'>qui</span> <span class='ocrx_word' id='word_1_4' title='bbox 532 533 713 600; x_wconf 78' lang='lat' dir='ltr'>mutatione</span> <span class='ocrx_word' id='word_1_5' title='bbox 750 532 964 599; x_wconf 86' lang='lat' dir='ltr'>difficultates</span> <span class='ocrx_word' id='word_1_6' title='bbox 1001 550 1153 598; x_wconf 79' lang='lat' dir='ltr'>amouere</span> <span class='ocrx_word' id='word_1_7' title='bbox 1188 530 1347 598; x_wconf 79' lang='lat' dir='ltr'><strong>studeret.</strong></span> 
     </span>
     <span class='ocr_line' id='line_1_3' title="bbox 245 631 1351 718; baseline -0.004 -18"><span class='ocrx_word' id='word_1_8' title='bbox 245 635 465 717; x_wconf 82' lang='lat' dir='ltr'><strong>Hieronymus</strong></span> <span class='ocrx_word' id='word_1_9' title='bbox 494 633 578 700; x_wconf 92' lang='lat' dir='ltr'>enim</span> <span class='ocrx_word' id='word_1_10' title='bbox 600 634 738 700; x_wconf 88' lang='lat' dir='ltr'>Wolfius</span> <span class='ocrx_word' id='word_1_11' title='bbox 762 632 890 698; x_wconf 90' lang='lat' dir='ltr'>censuit</span> <span class='ocrx_word' id='word_1_12' title='bbox 922 637 980 698; x_wconf 92' lang='lat' dir='ltr'>aut</span> <span class='ocrx_word' id='word_1_13' title='bbox 1008 651 1118 700; x_wconf 90' lang='lat' dir='ltr'>vocem</span> <span class='ocrx_word' id='word_1_14' title='bbox 1147 631 1191 718; x_wconf 73' lang='grc' dir='ltr'>μή</span> <span class='ocrx_word' id='word_1_15' title='bbox 1223 631 1351 696; x_wconf 89' lang='lat' dir='ltr'>omnino</span> 
     </span>
     <span class='ocr_line' id='line_1_4' title="bbox 246 731 1351 821; baseline -0.001 -21"><span class='ocrx_word' id='word_1_16' title='bbox 246 736 458 802; x_wconf 83' lang='lat' dir='ltr'><strong>amovendam</strong></span> <span class='ocrx_word' id='word_1_17' title='bbox 481 753 553 800; x_wconf 89' lang='lat' dir='ltr'>esse</span> <span class='ocrx_word' id='word_1_18' title='bbox 576 740 634 799; x_wconf 89' lang='lat' dir='ltr'>aut</span> <span class='ocrx_word' id='word_1_19' title='bbox 660 733 865 799; x_wconf 86' lang='lat' dir='ltr'>scribendum</span> <span class='ocrx_word' id='word_1_20' title='bbox 885 734 960 821; x_wconf 65' lang='lat' dir='ltr'>¹arjo3</span> <span class='ocrx_word' id='word_1_21' title='bbox 982 734 1040 799; x_wconf 91' lang='lat' dir='ltr'>sed</span> <span class='ocrx_word' id='word_1_22' title='bbox 1067 752 1108 797; x_wconf 90' lang='lat' dir='ltr'>ne</span> <span class='ocrx_word' id='word_1_23' title='bbox 1134 732 1197 798; x_wconf 89' lang='lat' dir='ltr'>hac</span> <span class='ocrx_word' id='word_1_24' title='bbox 1222 731 1351 814; x_wconf 88' lang='lat' dir='ltr'>quidem</span> 
     </span>
     <span class='ocr_line' id='line_1_5' title="bbox 243 833 1351 917; baseline -0.004 -16"><span class='ocrx_word' id='word_1_25' title='bbox 243 836 425 901; x_wconf 81' lang='lat' dir='ltr'>mutatione</span> <span class='ocrx_word' id='word_1_26' title='bbox 437 854 491 901; x_wconf 90' lang='lat' dir='ltr'>res</span> <span class='ocrx_word' id='word_1_27' title='bbox 504 835 659 917; x_wconf 85' lang='lat' dir='ltr'>expedita</span> <span class='ocrx_word' id='word_1_28' title='bbox 671 840 732 900; x_wconf 88' lang='lat' dir='ltr'>est.</span> <span class='ocrx_word' id='word_1_29' title='bbox 765 835 849 899; x_wconf 89' lang='lat' dir='ltr'>Nam</span> <span class='ocrx_word' id='word_1_30' title='bbox 867 834 895 899; x_wconf 90' lang='lat' dir='ltr'>si</span> <span class='ocrx_word' id='word_1_31' title='bbox 911 839 1060 915; x_wconf 88' lang='lat' dir='ltr'>putemus</span> <span class='ocrx_word' id='word_1_32' title='bbox 1073 833 1298 917; x_wconf 80' lang='lat' dir='ltr'>legislatorem</span> <span class='ocrx_word' id='word_1_33' title='bbox 1310 833 1351 897; x_wconf 92' lang='lat' dir='ltr'>de</span> 
     </span>
     <span class='ocr_line' id='line_1_6' title="bbox 244 934 1349 1018; baseline -0.005 -15"><span class='ocrx_word' id='word_1_34' title='bbox 244 936 318 1003; x_wconf 90' lang='lat' dir='ltr'>filiis</span> <span class='ocrx_word' id='word_1_35' title='bbox 333 935 502 1018; x_wconf 87' lang='lat' dir='ltr'>adoptatis</span> <span class='ocrx_word' id='word_1_36' title='bbox 514 935 633 1016; x_wconf 90' lang='lat' dir='ltr'>dicere,</span> <span class='ocrx_word' id='word_1_37' title='bbox 656 935 811 1016; x_wconf 88' lang='lat' dir='ltr'>permulti</span> <span class='ocrx_word' id='word_1_38' title='bbox 822 935 884 1000; x_wconf 90' lang='lat' dir='ltr'>loci</span> <span class='ocrx_word' id='word_1_39' title='bbox 896 935 1135 1017; x_wconf 85' lang='lat' dir='ltr'>apudoratores</span> <span class='ocrx_word' id='word_1_40' title='bbox 1147 934 1268 1000; x_wconf 87' lang='lat' dir='ltr'>atticos</span> <span class='ocrx_word' id='word_1_41' title='bbox 1291 953 1349 999; x_wconf 87' lang='lat' dir='ltr'>nos</span> 
     </span>
     <span class='ocr_line' id='line_1_7' title="bbox 248 1034 1352 1118; baseline -0.003 -16"><span class='ocrx_word' id='word_1_42' title='bbox 248 1038 388 1104; x_wconf 83' lang='lat' dir='ltr'>doceant</span> <span class='ocrx_word' id='word_1_43' title='bbox 409 1035 486 1102; x_wconf 89' lang='lat' dir='ltr'>tiliis</span> <span class='ocrx_word' id='word_1_44' title='bbox 509 1035 677 1118; x_wconf 88' lang='lat' dir='ltr'>adoptatis</span> <span class='ocrx_word' id='word_1_45' title='bbox 699 1036 802 1101; x_wconf 90' lang='lat' dir='ltr'>libero</span> <span class='ocrx_word' id='word_1_46' title='bbox 825 1035 964 1101; x_wconf 88' lang='lat' dir='ltr'>arbitrio</span> <span class='ocrx_word' id='word_1_47' title='bbox 994 1036 1034 1100; x_wconf 91' lang='lat' dir='ltr'>de</span> <span class='ocrx_word' id='word_1_48' title='bbox 1056 1034 1124 1101; x_wconf 93' lang='lat' dir='ltr'>suis</span> <span class='ocrx_word' id='word_1_49' title='bbox 1151 1035 1352 1101; x_wconf 80' lang='lat' dir='ltr'>constituero</span> 
     </span>
     <span class='ocr_line' id='line_1_8' title="bbox 245 1135 1351 1224; baseline -0.002 -21"><span class='ocrx_word' id='word_1_50' title='bbox 245 1157 309 1203; x_wconf 92' lang='lat' dir='ltr'>non</span> <span class='ocrx_word' id='word_1_51' title='bbox 338 1136 485 1220; x_wconf 88' lang='lat' dir='ltr'>licuisse,</span> <span class='ocrx_word' id='word_1_52' title='bbox 520 1136 570 1202; x_wconf 94' lang='lat' dir='ltr'>sin</span> <span class='ocrx_word' id='word_1_53' title='bbox 604 1142 714 1202; x_wconf 88' lang='lat' dir='ltr'>autem</span> <span class='ocrx_word' id='word_1_54' title='bbox 746 1135 977 1218; x_wconf 88' lang='lat' dir='ltr'>intellegamus</span> <span class='ocrx_word' id='word_1_55' title='bbox 1011 1137 1155 1224; x_wconf 75' lang='grc' dir='ltr'><strong><em>ποιητούς</em></strong></span> <span class='ocrx_word' id='word_1_56' title='bbox 1180 1135 1268 1201; x_wconf 86' lang='lat' dir='ltr'>cives</span> <span class='ocrx_word' id='word_1_57' title='bbox 1296 1137 1351 1201; x_wconf 86' lang='lat' dir='ltr'>ad·</span> 
     </span>
     <span class='ocr_line' id='line_1_9' title="bbox 246 1235 1351 1319; baseline -0.002 -16"><span class='ocrx_word' id='word_1_58' title='bbox 246 1237 402 1319; x_wconf 83' lang='lat' dir='ltr'>scriptos,</span> <span class='ocrx_word' id='word_1_59' title='bbox 437 1237 647 1301; x_wconf 91' lang='lat' dir='ltr'>attendamus</span> <span class='ocrx_word' id='word_1_60' title='bbox 681 1237 722 1300; x_wconf 90' lang='lat' dir='ltr'>ad</span> <span class='ocrx_word' id='word_1_61' title='bbox 755 1236 856 1318; x_wconf 59' lang='lat' dir='ltr'>§tlh</span> <span class='ocrx_word' id='word_1_62' title='bbox 888 1235 945 1301; x_wconf 90' lang='lat' dir='ltr'>ubi</span> <span class='ocrx_word' id='word_1_63' title='bbox 977 1239 1090 1301; x_wconf 91' lang='lat' dir='ltr'>orator</span> <span class='ocrx_word' id='word_1_64' title='bbox 1123 1242 1238 1318; x_wconf 88' lang='lat' dir='ltr'>aperte</span> <span class='ocrx_word' id='word_1_65' title='bbox 1271 1235 1351 1301; x_wconf 90' lang='lat' dir='ltr'>dicit</span> 
     </span>
     <span class='ocr_line' id='line_1_10' title="bbox 246 1335 1351 1421; baseline -0.003 -17"><span class='ocrx_word' id='word_1_66' title='bbox 246 1338 346 1405; x_wconf 89' lang='lat' dir='ltr'>etiam</span> <span class='ocrx_word' id='word_1_67' title='bbox 368 1336 618 1421; x_wconf 89' lang='lat' dir='ltr'>peregrinorum</span> <span class='ocrx_word' id='word_1_68' title='bbox 632 1336 837 1402; x_wconf 84' lang='lat' dir='ltr'>hereditates</span> <span class='ocrx_word' id='word_1_69' title='bbox 858 1337 892 1401; x_wconf 92' lang='lat' dir='ltr'>in</span> <span class='ocrx_word' id='word_1_70' title='bbox 914 1335 1171 1403; x_wconf 85' lang='lat' dir='ltr'>controversiam</span> <span class='ocrx_word' id='word_1_71' title='bbox 1186 1337 1351 1402; x_wconf 84' lang='lat' dir='ltr'>vocandas</span> 
     </span>
     <span class='ocr_line' id='line_1_11' title="bbox 246 1436 1351 1518; baseline -0.001 -16"><span class='ocrx_word' id='word_1_72' title='bbox 246 1457 333 1518; x_wconf 90' lang='lat' dir='ltr'>esse;</span> <span class='ocrx_word' id='word_1_73' title='bbox 356 1437 484 1503; x_wconf 92' lang='lat' dir='ltr'>omnino</span> <span class='ocrx_word' id='word_1_74' title='bbox 507 1443 616 1503; x_wconf 90' lang='lat' dir='ltr'>autem</span> <span class='ocrx_word' id='word_1_75' title='bbox 640 1439 752 1503; x_wconf 84' lang='lat' dir='ltr'>obstat</span> <span class='ocrx_word' id='word_1_76' title='bbox 773 1438 863 1503; x_wconf 89' lang='lat' dir='ltr'>locus</span> <span class='ocrx_word' id='word_1_77' title='bbox 886 1436 1045 1502; x_wconf 90' lang='lat' dir='ltr'>orationis</span> <span class='ocrx_word' id='word_1_78' title='bbox 1070 1436 1104 1502; x_wconf 92' lang='lat' dir='ltr'>in</span> <span class='ocrx_word' id='word_1_79' title='bbox 1127 1437 1351 1518; x_wconf 85' lang='lat' dir='ltr'>Leocharem,¹</span> 
     </span>
     <span class='ocr_line' id='line_1_12' title="bbox 247 1536 1285 1625; baseline -0.004 -21"><span class='ocrx_word' id='word_1_80' title='bbox 247 1557 311 1619; x_wconf 89' lang='lat' dir='ltr'>quo</span> <span class='ocrx_word' id='word_1_81' title='bbox 333 1539 491 1622; x_wconf 90' lang='lat' dir='ltr'>leguntur</span> <span class='ocrx_word' id='word_1_82' title='bbox 513 1539 616 1604; x_wconf 82' lang='lat' dir='ltr'>verba</span> <span class='ocrx_word' id='word_1_83' title='bbox 637 1539 702 1600; x_wconf 75' lang='grc'><strong>11001</strong></span> <span class='ocrx_word' id='word_1_84' title='bbox 721 1539 766 1625; x_wconf 71' lang='grc' dir='ltr'>μὴ</span> <span class='ocrx_word' id='word_1_85' title='bbox 788 1536 967 1624; x_wconf 67' lang='grc' dir='ltr'><em>ἐπεποίηντο</em></span> <span class='ocrx_word' id='word_1_86' title='bbox 987 1536 1021 1602; x_wconf 91' lang='lat' dir='ltr'>in</span> <span class='ocrx_word' id='word_1_87' title='bbox 1043 1538 1118 1620; x_wconf 90' lang='lat' dir='ltr'>lege</span> <span class='ocrx_word' id='word_1_88' title='bbox 1140 1536 1285 1602; x_wconf 88' lang='lat' dir='ltr'>laudata.</span> 
     </span>
    </p>
   </div>
   <div class='ocr_carea' id='block_1_3' title="bbox 242 1653 1354 3541">
    <p class='ocr_par' dir='ltr' id='par_1_3' title="bbox 242 1653 1354 3541">
     <span class='ocr_line' id='line_1_13' title="bbox 330 1653 1352 1739; baseline -0.002 -18"><span class='ocrx_word' id='word_1_89' title='bbox 330 1654 416 1738; x_wconf 83' lang='lat' dir='ltr'>Quid</span> <span class='ocrx_word' id='word_1_90' title='bbox 437 1655 542 1739; x_wconf 89' lang='lat' dir='ltr'>igitur</span> <span class='ocrx_word' id='word_1_91' title='bbox 558 1654 617 1721; x_wconf 90' lang='lat' dir='ltr'>fiet</span> <span class='ocrx_word' id='word_1_92' title='bbox 638 1655 761 1720; x_wconf 86' lang='lat' dir='ltr'>deloco</span> <span class='ocrx_word' id='word_1_93' title='bbox 777 1653 914 1720; x_wconf 82' lang='lat' dir='ltr'>nostro?</span> <span class='ocrx_word' id='word_1_94' title='bbox 957 1653 1040 1718; x_wconf 87' lang='lat' dir='ltr'>Mihi</span> <span class='ocrx_word' id='word_1_95' title='bbox 1054 1653 1182 1736; x_wconf 89' lang='lat' dir='ltr'>quidem</span> <span class='ocrx_word' id='word_1_96' title='bbox 1198 1653 1352 1721; x_wconf 87' lang='lat' dir='ltr'>videntur</span> 
     </span>
     <span class='ocr_line' id='line_1_14' title="bbox 248 1754 1352 1837; baseline 0 -17"><span class='ocrx_word' id='word_1_97' title='bbox 248 1755 464 1822; x_wconf 85' lang='lat' dir='ltr'>difficultates</span> <span class='ocrx_word' id='word_1_98' title='bbox 486 1755 642 1820; x_wconf 88' lang='lat' dir='ltr'>facillima</span> <span class='ocrx_word' id='word_1_99' title='bbox 664 1755 846 1820; x_wconf 88' lang='lat' dir='ltr'>mutatione</span> <span class='ocrx_word' id='word_1_100' title='bbox 868 1754 1013 1821; x_wconf 79' lang='lat' dir='ltr'>amoueri</span> <span class='ocrx_word' id='word_1_101' title='bbox 1041 1772 1145 1836; x_wconf 87' lang='lat' dir='ltr'>posse.</span> <span class='ocrx_word' id='word_1_102' title='bbox 1200 1756 1352 1837; x_wconf 85' lang='lat' dir='ltr'>Propono</span> 
     </span>
     <span class='ocr_line' id='line_1_15' title="bbox 250 1854 1352 1942; baseline -0.001 -21"><span class='ocrx_word' id='word_1_103' title='bbox 250 1855 334 1921; x_wconf 91' lang='lat' dir='ltr'>enim</span> <span class='ocrx_word' id='word_1_104' title='bbox 356 1861 394 1921; x_wconf 92' lang='lat' dir='ltr'>ut</span> <span class='ocrx_word' id='word_1_105' title='bbox 415 1855 581 1922; x_wconf 89' lang='lat' dir='ltr'>scribatur</span> <span class='ocrx_word' id='word_1_106' title='bbox 603 1856 648 1931; x_wconf 81' lang='grc' dir='ltr'>οἷς</span> <span class='ocrx_word' id='word_1_107' title='bbox 667 1854 702 1942; x_wconf 73' lang='grc' dir='ltr'>ἦν</span> <span class='ocrx_word' id='word_1_108' title='bbox 725 1874 783 1936; x_wconf 90' lang='lat' dir='ltr'>pro</span> <span class='ocrx_word' id='word_1_109' title='bbox 805 1856 901 1934; x_wconf 79' lang='grc' dir='ltr'><em>ὥστε;</em></span> <span class='ocrx_word' id='word_1_110' title='bbox 927 1858 1153 1938; x_wconf 87' lang='lat' dir='ltr'>argumentum</span> <span class='ocrx_word' id='word_1_111' title='bbox 1176 1854 1261 1938; x_wconf 88' lang='lat' dir='ltr'>legis</span> <span class='ocrx_word' id='word_1_112' title='bbox 1283 1856 1352 1938; x_wconf 87' lang='lat' dir='ltr'>jam</span> 
     </span>
     <span class='ocr_line' id='line_1_16' title="bbox 247 1955 1352 2040; baseline -0.001 -18"><span class='ocrx_word' id='word_1_113' title='bbox 247 1957 309 2022; x_wconf 91' lang='lat' dir='ltr'>hoc</span> <span class='ocrx_word' id='word_1_114' title='bbox 330 1956 392 2022; x_wconf 86' lang='lat' dir='ltr'>sit:</span> <span class='ocrx_word' id='word_1_115' title='bbox 426 1957 516 2039; x_wconf 71' lang='lat' dir='ltr'>„Eis</span> <span class='ocrx_word' id='word_1_116' title='bbox 540 1956 977 2038; x_wconf 57' lang='grc' dir='ltr'>11111110111111110110011111,ῗ</span> <span class='ocrx_word' id='word_1_117' title='bbox 1002 1955 1119 2039; x_wconf 87' lang='lat' dir='ltr'>quibus</span> <span class='ocrx_word' id='word_1_118' title='bbox 1147 1956 1287 2040; x_wconf 80' lang='lat' dir='ltr'>(tamen)</span> <span class='ocrx_word' id='word_1_119' title='bbox 1314 1975 1352 2022; x_wconf 92' lang='lat' dir='ltr'>eo</span> 
     </span>
     <span class='ocr_line' id='line_1_17' title="bbox 251 2055 1354 2148; baseline -0.001 -26"><span class='ocrx_word' id='word_1_120' title='bbox 251 2062 408 2140; x_wconf 87' lang='lat' dir='ltr'>tempore,</span> <span class='ocrx_word' id='word_1_121' title='bbox 431 2077 494 2139; x_wconf 87' lang='lat' dir='ltr'>quo</span> <span class='ocrx_word' id='word_1_122' title='bbox 517 2059 613 2124; x_wconf 88' lang='lat' dir='ltr'>Solon</span> <span class='ocrx_word' id='word_1_123' title='bbox 636 2058 867 2148; x_wconf 87' lang='lat' dir='ltr'>magistratum</span> <span class='ocrx_word' id='word_1_124' title='bbox 891 2057 975 2141; x_wconf 84' lang='lat' dir='ltr'>iniit,</span> <span class='ocrx_word' id='word_1_125' title='bbox 995 2058 1134 2123; x_wconf 91' lang='lat' dir='ltr'>nondum</span> <span class='ocrx_word' id='word_1_126' title='bbox 1160 2055 1253 2122; x_wconf 89' lang='lat' dir='ltr'>licuit</span> <span class='ocrx_word' id='word_1_127' title='bbox 1274 2075 1354 2137; x_wconf 90' lang='lat' dir='ltr'>quos</span> 
     </span>
     <span class='ocr_line' id='line_1_18' title="bbox 246 2157 1352 2240; baseline -0.001 -17"><span class='ocrx_word' id='word_1_128' title='bbox 246 2158 351 2224; x_wconf 88' lang='lat' dir='ltr'>velint</span> <span class='ocrx_word' id='word_1_129' title='bbox 383 2158 568 2224; x_wconf 86' lang='lat' dir='ltr'>hereditate</span> <span class='ocrx_word' id='word_1_130' title='bbox 601 2178 661 2224; x_wconf 85' lang='lat' dir='ltr'>sua</span> <span class='ocrx_word' id='word_1_131' title='bbox 698 2159 872 2223; x_wconf 82' lang='lat' dir='ltr'>excludere</span> <span class='ocrx_word' id='word_1_132' title='bbox 908 2167 966 2223; x_wconf 90' lang='lat' dir='ltr'>aut</span> <span class='ocrx_word' id='word_1_133' title='bbox 998 2157 1159 2240; x_wconf 87' lang='lat' dir='ltr'>virginem</span> <span class='ocrx_word' id='word_1_134' title='bbox 1199 2157 1352 2223; x_wconf 89' lang='lat' dir='ltr'>heredem</span> 
     </span>
     <span class='ocr_line' id='line_1_19' title="bbox 247 2256 1352 2339; baseline -0.002 -15"><span class='ocrx_word' id='word_1_135' title='bbox 247 2263 377 2339; x_wconf 83' lang='lat' dir='ltr'>petere,</span> <span class='ocrx_word' id='word_1_136' title='bbox 412 2258 522 2339; x_wconf 85' lang='lat' dir='ltr'>(nunc)</span> <span class='ocrx_word' id='word_1_137' title='bbox 556 2265 627 2323; x_wconf 91' lang='lat' dir='ltr'>esto</span> <span class='ocrx_word' id='word_1_138' title='bbox 660 2264 810 2339; x_wconf 87' lang='lat' dir='ltr'>potestas</span> <span class='ocrx_word' id='word_1_139' title='bbox 849 2259 889 2322; x_wconf 91' lang='lat' dir='ltr'>de</span> <span class='ocrx_word' id='word_1_140' title='bbox 928 2256 1022 2323; x_wconf 86' lang='lat' dir='ltr'>bonis</span> <span class='ocrx_word' id='word_1_141' title='bbox 1059 2256 1127 2322; x_wconf 87' lang='lat' dir='ltr'>suis</span> <span class='ocrx_word' id='word_1_142' title='bbox 1161 2258 1352 2323; x_wconf 90' lang='lat' dir='ltr'>testamenti</span> 
     </span>
     <span class='ocr_line' id='line_1_20' title="bbox 246 2356 1352 2440; baseline 0 -18"><span class='ocrx_word' id='word_1_143' title='bbox 246 2357 421 2424; x_wconf 85' lang='lat' dir='ltr'>faciendi.“</span> <span class='ocrx_word' id='word_1_144' title='bbox 465 2357 558 2440; x_wconf 79' lang='lat' dir='ltr'>Quod</span> <span class='ocrx_word' id='word_1_145' title='bbox 579 2359 641 2422; x_wconf 90' lang='lat' dir='ltr'>duo</span> <span class='ocrx_word' id='word_1_146' title='bbox 664 2358 856 2440; x_wconf 88' lang='lat' dir='ltr'>pronomina</span> <span class='ocrx_word' id='word_1_147' title='bbox 883 2357 1024 2422; x_wconf 88' lang='lat' dir='ltr'>relativa</span> <span class='ocrx_word' id='word_1_148' title='bbox 1049 2358 1115 2419; x_wconf 75' lang='grc' dir='ltr'><em>ὅσοι</em></span> <span class='ocrx_word' id='word_1_149' title='bbox 1137 2361 1171 2420; x_wconf 85' lang='grc'>01</span> <span class='ocrx_word' id='word_1_150' title='bbox 1193 2356 1238 2432; x_wconf 78' lang='grc' dir='ltr'>οἷς</span> <span class='ocrx_word' id='word_1_151' title='bbox 1262 2356 1352 2421; x_wconf 90' lang='lat' dir='ltr'>inter</span> 
     </span>
     <span class='ocr_line' id='line_1_21' title="bbox 247 2456 1349 2541; baseline 0.001 -20"><span class='ocrx_word' id='word_1_152' title='bbox 247 2475 282 2521; x_wconf 91' lang='lat' dir='ltr'>se</span> <span class='ocrx_word' id='word_1_153' title='bbox 305 2458 562 2541; x_wconf 78' lang='lat' dir='ltr'>conjunguntur,</span> <span class='ocrx_word' id='word_1_154' title='bbox 584 2457 706 2522; x_wconf 88' lang='lat' dir='ltr'>nullam</span> <span class='ocrx_word' id='word_1_155' title='bbox 727 2458 829 2523; x_wconf 88' lang='lat' dir='ltr'>habet</span> <span class='ocrx_word' id='word_1_156' title='bbox 857 2456 1066 2522; x_wconf 85' lang='lat' dir='ltr'>offensionem</span> <span class='ocrx_word' id='word_1_157' title='bbox 1087 2456 1121 2521; x_wconf 94' lang='lat' dir='ltr'>in</span> <span class='ocrx_word' id='word_1_158' title='bbox 1147 2457 1235 2540; x_wconf 90' lang='lat' dir='ltr'>lege,</span> <span class='ocrx_word' id='word_1_159' title='bbox 1265 2476 1349 2538; x_wconf 90' lang='lat' dir='ltr'>quae</span> 
     </span>
     <span class='ocr_line' id='line_1_22' title="bbox 248 2557 1352 2640; baseline 0.004 -21"><span class='ocrx_word' id='word_1_160' title='bbox 248 2558 408 2624; x_wconf 77' lang='lat' dir='ltr'>asolone</span> <span class='ocrx_word' id='word_1_161' title='bbox 430 2558 589 2640; x_wconf 81' lang='lat' dir='ltr'>originem</span> <span class='ocrx_word' id='word_1_162' title='bbox 617 2557 707 2622; x_wconf 88' lang='lat' dir='ltr'>ducit</span> <span class='ocrx_word' id='word_1_163' title='bbox 759 2559 872 2637; x_wconf 88' lang='lat' dir='ltr'>Neque</span> <span class='ocrx_word' id='word_1_164' title='bbox 899 2557 1046 2624; x_wconf 86' lang='lat' dir='ltr'>offendas</span> <span class='ocrx_word' id='word_1_165' title='bbox 1075 2558 1108 2623; x_wconf 91' lang='lat' dir='ltr'>in</span> <span class='ocrx_word' id='word_1_166' title='bbox 1136 2557 1269 2624; x_wconf 89' lang='lat' dir='ltr'>notione</span> <span class='ocrx_word' id='word_1_167' title='bbox 1299 2577 1352 2623; x_wconf 86' lang='lat' dir='ltr'>ex·</span> 
     </span>
     <span class='ocr_line' id='line_1_23' title="bbox 247 2657 1350 2741; baseline 0.004 -21"><span class='ocrx_word' id='word_1_168' title='bbox 247 2657 436 2740; x_wconf 90' lang='lat' dir='ltr'>heredandi‚</span> <span class='ocrx_word' id='word_1_169' title='bbox 459 2677 555 2740; x_wconf 88' lang='lat' dir='ltr'>qnam</span> <span class='ocrx_word' id='word_1_170' title='bbox 570 2659 672 2722; x_wconf 90' lang='lat' dir='ltr'>verbo</span> <span class='ocrx_word' id='word_1_171' title='bbox 694 2659 832 2720; x_wconf 74' lang='grc' dir='ltr'>ἀπειπεῖν</span> <span class='ocrx_word' id='word_1_172' title='bbox 854 2657 1052 2723; x_wconf 90' lang='lat' dir='ltr'>Bnnsenium</span> <span class='ocrx_word' id='word_1_173' title='bbox 1068 2664 1102 2724; x_wconf 91' lang='lat' dir='ltr'>et</span> <span class='ocrx_word' id='word_1_174' title='bbox 1116 2658 1350 2741; x_wconf 76' lang='lat' dir='ltr'>schellingium</span> 
     </span>
     <span class='ocr_line' id='line_1_24' title="bbox 247 2756 1352 2841; baseline 0.004 -20"><span class='ocrx_word' id='word_1_175' title='bbox 247 2765 379 2823; x_wconf 87' lang='lat' dir='ltr'>secutus</span> <span class='ocrx_word' id='word_1_176' title='bbox 412 2759 568 2824; x_wconf 86' lang='lat' dir='ltr'>hocloco</span> <span class='ocrx_word' id='word_1_177' title='bbox 598 2756 738 2840; x_wconf 80' lang='lat' dir='ltr'>subjeci3</span> <span class='ocrx_word' id='word_1_178' title='bbox 765 2777 839 2822; x_wconf 90' lang='lat' dir='ltr'>nam</span> <span class='ocrx_word' id='word_1_179' title='bbox 869 2757 982 2823; x_wconf 90' lang='lat' dir='ltr'>eadem</span> <span class='ocrx_word' id='word_1_180' title='bbox 1004 2759 1058 2824; x_wconf 85' lang='lat' dir='ltr'>vel</span> <span class='ocrx_word' id='word_1_181' title='bbox 1083 2757 1198 2824; x_wconf 89' lang='lat' dir='ltr'>similis</span> <span class='ocrx_word' id='word_1_182' title='bbox 1229 2759 1352 2841; x_wconf 90' lang='lat' dir='ltr'>signifi·</span> 
     </span>
     <span class='ocr_line' id='line_1_25' title="bbox 248 2856 1353 2943; baseline 0.005 -23"><span class='ocrx_word' id='word_1_183' title='bbox 248 2856 334 2922; x_wconf 88' lang='lat' dir='ltr'>catio</span> <span class='ocrx_word' id='word_1_184' title='bbox 358 2860 452 2943; x_wconf 90' lang='lat' dir='ltr'>hujus</span> <span class='ocrx_word' id='word_1_185' title='bbox 474 2858 568 2925; x_wconf 87' lang='lat' dir='ltr'>verbi</span> <span class='ocrx_word' id='word_1_186' title='bbox 590 2857 690 2940; x_wconf 76' lang='grc'>011111,3</span> <span class='ocrx_word' id='word_1_187' title='bbox 712 2876 837 2937; x_wconf 77' lang='lat' dir='ltr'>qumque</span> <span class='ocrx_word' id='word_1_188' title='bbox 860 2859 1033 2940; x_wconf 87' lang='lat' dir='ltr'>reperitur.</span> <span class='ocrx_word' id='word_1_189' title='bbox 1078 2858 1137 2924; x_wconf 89' lang='lat' dir='ltr'>llla</span> <span class='ocrx_word' id='word_1_190' title='bbox 1155 2863 1263 2924; x_wconf 88' lang='lat' dir='ltr'>autem</span> <span class='ocrx_word' id='word_1_191' title='bbox 1281 2879 1353 2925; x_wconf 90' lang='lat' dir='ltr'>con-</span> 
     </span>
     <span class='ocr_line' id='line_1_26' title="bbox 242 2957 1353 3047; baseline 0.004 -28"><span class='ocrx_word' id='word_1_192' title='bbox 242 2957 374 3037; x_wconf 84' lang='lat' dir='ltr'>jectura</span> <span class='ocrx_word' id='word_1_193' title='bbox 405 2960 547 3039; x_wconf 87' lang='lat' dir='ltr'>probata</span> <span class='ocrx_word' id='word_1_194' title='bbox 586 2957 794 3038; x_wconf 82' lang='lat' dir='ltr'>parenthesis</span> <span class='ocrx_word' id='word_1_195' title='bbox 829 2960 881 3021; x_wconf 75' lang='lat' dir='ltr'>dre</span> <span class='ocrx_word' id='word_1_196' title='bbox 914 2959 1021 3021; x_wconf 77' lang='grc' dir='ltr'><em>Σόλων</em></span> <span class='ocrx_word' id='word_1_197' title='bbox 1044 2958 1137 3044; x_wconf 73' lang='grc' dir='ltr'><em>εἰσῄει</em></span> <span class='ocrx_word' id='word_1_198' title='bbox 1171 2961 1222 3046; x_wconf 66' lang='grc' dir='ltr'>τὴν</span> <span class='ocrx_word' id='word_1_199' title='bbox 1254 2961 1353 3047; x_wconf 73' lang='grc' dir='ltr'><em>ἀρχήν</em></span> 
     </span>
     <span class='ocr_line' id='line_1_27' title="bbox 249 3054 1353 3140; baseline 0.005 -22"><span class='ocrx_word' id='word_1_200' title='bbox 249 3054 371 3135; x_wconf 85' lang='lat' dir='ltr'>optime</span> <span class='ocrx_word' id='word_1_201' title='bbox 393 3059 566 3140; x_wconf 86' lang='lat' dir='ltr'>conjuncta</span> <span class='ocrx_word' id='word_1_202' title='bbox 588 3062 639 3122; x_wconf 92' lang='lat' dir='ltr'>est</span> <span class='ocrx_word' id='word_1_203' title='bbox 666 3076 736 3121; x_wconf 88' lang='lat' dir='ltr'>cum</span> <span class='ocrx_word' id='word_1_204' title='bbox 766 3057 887 3122; x_wconf 81' lang='lat' dir='ltr'>ceteris</span> <span class='ocrx_word' id='word_1_205' title='bbox 908 3058 1030 3122; x_wconf 88' lang='lat' dir='ltr'>verbis.</span> <span class='ocrx_word' id='word_1_206' title='bbox 1083 3060 1171 3123; x_wconf 87' lang='lat' dir='ltr'>Ante</span> <span class='ocrx_word' id='word_1_207' title='bbox 1204 3058 1353 3124; x_wconf 85' lang='lat' dir='ltr'>Solonem</span> 
     </span>
     <span class='ocr_line' id='line_1_28' title="bbox 249 3155 1353 3225; baseline 0.006 -7"><span class='ocrx_word' id='word_1_208' title='bbox 249 3162 359 3220; x_wconf 87' lang='lat' dir='ltr'>autem</span> <span class='ocrx_word' id='word_1_209' title='bbox 381 3155 452 3222; x_wconf 86' lang='lat' dir='ltr'>viro</span> <span class='ocrx_word' id='word_1_210' title='bbox 469 3156 665 3222; x_wconf 85' lang='lat' dir='ltr'>Atheniensi</span> <span class='ocrx_word' id='word_1_211' title='bbox 687 3176 749 3222; x_wconf 92' lang='lat' dir='ltr'>non</span> <span class='ocrx_word' id='word_1_212' title='bbox 772 3156 904 3223; x_wconf 87' lang='lat' dir='ltr'>licuisse</span> <span class='ocrx_word' id='word_1_213' title='bbox 925 3156 1028 3222; x_wconf 88' lang='lat' dir='ltr'>libero</span> <span class='ocrx_word' id='word_1_214' title='bbox 1050 3157 1189 3224; x_wconf 87' lang='lat' dir='ltr'>arbitrio</span> <span class='ocrx_word' id='word_1_215' title='bbox 1205 3158 1353 3225; x_wconf 92' lang='lat' dir='ltr'>debonis</span> 
     </span>
     <span class='ocr_line' id='line_1_29' title="bbox 248 3256 1353 3341; baseline 0.004 -20"><span class='ocrx_word' id='word_1_216' title='bbox 248 3256 315 3323; x_wconf 86' lang='lat' dir='ltr'>suis</span> <span class='ocrx_word' id='word_1_217' title='bbox 337 3263 496 3339; x_wconf 82' lang='lat' dir='ltr'>statuere,</span> <span class='ocrx_word' id='word_1_218' title='bbox 519 3258 577 3325; x_wconf 91' lang='lat' dir='ltr'>sed</span> <span class='ocrx_word' id='word_1_219' title='bbox 599 3259 780 3341; x_wconf 81' lang='lat' dir='ltr'>proximum</span> <span class='ocrx_word' id='word_1_220' title='bbox 803 3275 961 3339; x_wconf 90' lang='lat' dir='ltr'>quemque</span> <span class='ocrx_word' id='word_1_221' title='bbox 982 3258 1135 3324; x_wconf 89' lang='lat' dir='ltr'>heredem</span> <span class='ocrx_word' id='word_1_222' title='bbox 1157 3258 1353 3326; x_wconf 87' lang='lat' dir='ltr'>successisse</span> 
     </span>
     <span class='ocr_line' id='line_1_30' title="bbox 248 3357 1352 3442; baseline 0.002 -21"><span class='ocrx_word' id='word_1_223' title='bbox 248 3361 282 3421; x_wconf 83' lang='lat' dir='ltr'>et</span> <span class='ocrx_word' id='word_1_224' title='bbox 298 3357 327 3423; x_wconf 91' lang='lat' dir='ltr'>si</span> <span class='ocrx_word' id='word_1_225' title='bbox 339 3359 446 3424; x_wconf 90' lang='lat' dir='ltr'>nullus</span> <span class='ocrx_word' id='word_1_226' title='bbox 465 3359 598 3425; x_wconf 90' lang='lat' dir='ltr'>adesset</span> <span class='ocrx_word' id='word_1_227' title='bbox 609 3360 715 3442; x_wconf 78' lang='lat' dir='ltr'>heres,</span> <span class='ocrx_word' id='word_1_228' title='bbox 736 3360 820 3425; x_wconf 89' lang='lat' dir='ltr'>bona</span> <span class='ocrx_word' id='word_1_229' title='bbox 831 3358 865 3423; x_wconf 94' lang='lat' dir='ltr'>in</span> <span class='ocrx_word' id='word_1_230' title='bbox 878 3359 989 3441; x_wconf 87' lang='lat' dir='ltr'>gentis</span> <span class='ocrx_word' id='word_1_231' title='bbox 1002 3363 1202 3440; x_wconf 87' lang='lat' dir='ltr'>potestatem</span> <span class='ocrx_word' id='word_1_232' title='bbox 1213 3358 1352 3441; x_wconf 83' lang='lat' dir='ltr'>venisse,</span> 
     </span>
     <span class='ocr_line' id='line_1_31' title="bbox 245 3457 1352 3541; baseline 0.001 -18"><span class='ocrx_word' id='word_1_233' title='bbox 245 3457 383 3523; x_wconf 81' lang='lat' dir='ltr'>maxime</span> <span class='ocrx_word' id='word_1_234' title='bbox 399 3459 597 3525; x_wconf 89' lang='lat' dir='ltr'>Plutarchus</span> <span class='ocrx_word' id='word_1_235' title='bbox 615 3460 684 3524; x_wconf 88' lang='lat' dir='ltr'>loco</span> <span class='ocrx_word' id='word_1_236' title='bbox 700 3460 840 3541; x_wconf 88' lang='lat' dir='ltr'>quodam</span> <span class='ocrx_word' id='word_1_237' title='bbox 863 3459 951 3528; x_wconf 81' lang='lat' dir='ltr'>uitae</span> <span class='ocrx_word' id='word_1_238' title='bbox 970 3459 1097 3525; x_wconf 85' lang='lat' dir='ltr'>Solonis</span> <span class='ocrx_word' id='word_1_239' title='bbox 1112 3463 1122 3494; x_wconf 77' lang='lat'>⁴</span> <span class='ocrx_word' id='word_1_240' title='bbox 1139 3459 1352 3525; x_wconf 90' lang='lat' dir='ltr'>demonstrat.</span> 
     </span>
    </p>
   </div>
   <div class='ocr_carea' id='block_1_4' title="bbox 246 3675 1353 4260">
    <p class='ocr_par' dir='ltr' id='par_1_4' title="bbox 333 3675 485 3741">
     <span class='ocr_line' id='line_1_32' title="bbox 333 3675 485 3741; baseline 0.013 -14"><span class='ocrx_word' id='word_1_241' title='bbox 333 3678 340 3706; x_wconf 95' lang='lat'><strong>¹</strong></span> <span class='ocrx_word' id='word_1_242' title='bbox 360 3675 393 3728; x_wconf 82' lang='lat' dir='ltr'>et.</span> <span class='ocrx_word' id='word_1_243' title='bbox 412 3675 427 3741; x_wconf 63' lang='grc' dir='ltr'>ᾖ</span> <span class='ocrx_word' id='word_1_244' title='bbox 445 3676 485 3729; x_wconf 81' lang='grc'>89.</span> 
     </span>
    </p>

    <p class='ocr_par' dir='ltr' id='par_1_5' title="bbox 248 3757 1353 3907">
     <span class='ocr_line' id='line_1_33' title="bbox 331 3757 1353 3830; baseline 0.005 -20"><span class='ocrx_word' id='word_1_245' title='bbox 331 3760 341 3788; x_wconf 85' lang='lat'>²</span> <span class='ocrx_word' id='word_1_246' title='bbox 357 3757 442 3812; x_wconf 87' lang='lat' dir='ltr'>Nullo</span> <span class='ocrx_word' id='word_1_247' title='bbox 460 3757 514 3811; x_wconf 91' lang='lat' dir='ltr'>alio</span> <span class='ocrx_word' id='word_1_248' title='bbox 534 3759 612 3810; x_wconf 92' lang='lat' dir='ltr'>modo</span> <span class='ocrx_word' id='word_1_249' title='bbox 631 3759 713 3812; x_wconf 87' lang='lat' dir='ltr'>verba</span> <span class='ocrx_word' id='word_1_250' title='bbox 734 3757 859 3827; x_wconf 87' lang='lat' dir='ltr'>intellegi</span> <span class='ocrx_word' id='word_1_251' title='bbox 876 3774 954 3825; x_wconf 86' lang='lat' dir='ltr'>posse</span> <span class='ocrx_word' id='word_1_252' title='bbox 973 3758 1089 3813; x_wconf 82' lang='lat' dir='ltr'>maxime</span> <span class='ocrx_word' id='word_1_253' title='bbox 1111 3760 1237 3830; x_wconf 89' lang='lat' dir='ltr'>probavit</span> <span class='ocrx_word' id='word_1_254' title='bbox 1258 3761 1353 3815; x_wconf 85' lang='lat' dir='ltr'>Schoe-</span> 
     </span>
     <span class='ocr_line' id='line_1_34' title="bbox 248 3840 921 3907; baseline 0.003 -15"><span class='ocrx_word' id='word_1_255' title='bbox 248 3854 362 3894; x_wconf 86' lang='lat' dir='ltr'>mannus</span> <span class='ocrx_word' id='word_1_256' title='bbox 380 3840 409 3894; x_wconf 93' lang='lat' dir='ltr'>iu</span> <span class='ocrx_word' id='word_1_257' title='bbox 427 3856 539 3894; x_wconf 88' lang='lat' dir='ltr'>censura</span> <span class='ocrx_word' id='word_1_258' title='bbox 556 3840 617 3894; x_wconf 89' lang='lat' dir='ltr'>libri</span> <span class='ocrx_word' id='word_1_259' title='bbox 635 3841 803 3894; x_wconf 87' lang='lat' dir='ltr'>Platneriani</span> <span class='ocrx_word' id='word_1_260' title='bbox 821 3856 846 3907; x_wconf 84' lang='lat' dir='ltr'>p.</span> <span class='ocrx_word' id='word_1_261' title='bbox 864 3842 921 3895; x_wconf 73' lang='lat'>342.</span> 
     </span>
    </p>

    <p class='ocr_par' dir='ltr' id='par_1_6' title="bbox 248 3924 1352 4075">
     <span class='ocr_line' id='line_1_35' title="bbox 331 3924 1352 3992; baseline 0.006 -16"><span class='ocrx_word' id='word_1_262' title='bbox 331 3924 392 3977; x_wconf 82' lang='lat' dir='ltr'>⁸rf.</span> <span class='ocrx_word' id='word_1_263' title='bbox 411 3925 492 3978; x_wconf 89' lang='lat' dir='ltr'>Plato</span> <span class='ocrx_word' id='word_1_264' title='bbox 510 3925 582 3992; x_wconf 89' lang='lat' dir='ltr'>legg.</span> <span class='ocrx_word' id='word_1_265' title='bbox 602 3927 640 3991; x_wconf 84' lang='lat' dir='ltr'>ll⁷</span> <span class='ocrx_word' id='word_1_266' title='bbox 659 3924 764 3988; x_wconf 69' lang='grc'><strong>92811,</strong></span> <span class='ocrx_word' id='word_1_267' title='bbox 786 3925 850 3978; x_wconf 86' lang='lat' dir='ltr'>Eur.</span> <span class='ocrx_word' id='word_1_268' title='bbox 869 3924 938 3979; x_wconf 88' lang='lat' dir='ltr'>Med.</span> <span class='ocrx_word' id='word_1_269' title='bbox 957 3926 1020 3989; x_wconf 76' lang='lat'>4583</span> <span class='ocrx_word' id='word_1_270' title='bbox 1044 3925 1158 3980; x_wconf 85' lang='lat' dir='ltr'>Aristot.</span> <span class='ocrx_word' id='word_1_271' title='bbox 1177 3927 1231 3980; x_wconf 88' lang='lat' dir='ltr'>eth.</span> <span class='ocrx_word' id='word_1_272' title='bbox 1249 3926 1352 3983; x_wconf 89' lang='lat' dir='ltr'>Nicom.</span> 
     </span>
     <span class='ocr_line' id='line_1_36' title="bbox 248 4005 560 4075; baseline 0.006 -16"><span class='ocrx_word' id='word_1_273' title='bbox 248 4005 271 4072; x_wconf 80' lang='grc'>8,</span> <span class='ocrx_word' id='word_1_274' title='bbox 292 4007 339 4070; x_wconf 77' lang='grc'><strong>16·,</strong></span> <span class='ocrx_word' id='word_1_275' title='bbox 356 4007 455 4063; x_wconf 86' lang='lat' dir='ltr'>Herod.</span> <span class='ocrx_word' id='word_1_276' title='bbox 476 4010 560 4075; x_wconf 77' lang='lat'>1,59‚</span> 
     </span>
    </p>

    <p class='ocr_par' dir='ltr' id='par_1_7' title="bbox 246 4091 1352 4260">
     <span class='ocr_line' id='line_1_37' title="bbox 331 4091 1352 4167; baseline 0.005 -22"><span class='ocrx_word' id='word_1_277' title='bbox 331 4093 342 4120; x_wconf 75' lang='lat'><strong>⁴</strong></span> <span class='ocrx_word' id='word_1_278' title='bbox 359 4106 415 4160; x_wconf 82' lang='lat' dir='ltr'>cap.</span> <span class='ocrx_word' id='word_1_279' title='bbox 433 4092 477 4144; x_wconf 83' lang='lat'>21:</span> <span class='ocrx_word' id='word_1_280' title='bbox 500 4091 587 4146; x_wconf 76' lang='grc' dir='ltr'><em>Σόλων</em></span> <span class='ocrx_word' id='word_1_281' title='bbox 606 4094 763 4161; x_wconf 75' lang='grc' dir='ltr'><em>εὐδοκίμησε</em></span> <span class='ocrx_word' id='word_1_282' title='bbox 780 4095 827 4145; x_wconf 82' lang='grc' dir='ltr'>κάν</span> <span class='ocrx_word' id='word_1_283' title='bbox 845 4096 881 4162; x_wconf 77' lang='grc' dir='ltr'>τῷ</span> <span class='ocrx_word' id='word_1_284' title='bbox 898 4095 955 4164; x_wconf 81' lang='grc' dir='ltr'>περὶ</span> <span class='ocrx_word' id='word_1_285' title='bbox 973 4095 1107 4163; x_wconf 66' lang='grc' dir='ltr'><em>διαθηκῶν</em></span> <span class='ocrx_word' id='word_1_286' title='bbox 1126 4097 1208 4167; x_wconf 82' lang='grc' dir='ltr'><em>νόμῳ·</em></span> <span class='ocrx_word' id='word_1_287' title='bbox 1228 4097 1352 4167; x_wconf 81' lang='grc' dir='ltr'><em>πρότερον</em></span> 
     </span>
     <span class='ocr_line' id='line_1_38' title="bbox 246 4173 1352 4260; baseline 0.005 -32"><span class='ocrx_word' id='word_1_288' title='bbox 246 4175 297 4245; x_wconf 73' lang='grc' dir='ltr'>γὰρ</span> <span class='ocrx_word' id='word_1_289' title='bbox 315 4179 362 4229; x_wconf 80' lang='grc' dir='ltr'>οὐκ</span> <span class='ocrx_word' id='word_1_290' title='bbox 381 4178 441 4244; x_wconf 78' lang='grc' dir='ltr'><em>ἐξῆν</em></span> <span class='ocrx_word' id='word_1_291' title='bbox 460 4173 635 4241; x_wconf 51' lang='lat' dir='ltr'>[decantarunt</span> <span class='ocrx_word' id='word_1_292' title='bbox 653 4173 707 4228; x_wconf 79' lang='grc' dir='ltr'>ἀλλ’</span> <span class='ocrx_word' id='word_1_293' title='bbox 727 4179 754 4227; x_wconf 83' lang='grc' dir='ltr'>ἐν</span> <span class='ocrx_word' id='word_1_294' title='bbox 772 4197 807 4247; x_wconf 80' lang='grc' dir='ltr'>τῳ</span> <span class='ocrx_word' id='word_1_295' title='bbox 818 4179 886 4245; x_wconf 73' lang='grc' dir='ltr'><em>γένει</em></span> <span class='ocrx_word' id='word_1_296' title='bbox 901 4183 946 4230; x_wconf 76' lang='grc' dir='ltr'>τοῦ</span> <span class='ocrx_word' id='word_1_297' title='bbox 959 4182 1103 4241; x_wconf 68' lang='grc' dir='ltr'><em>τεθνεῶτος</em></span> <span class='ocrx_word' id='word_1_298' title='bbox 1114 4179 1167 4232; x_wconf 73' lang='grc' dir='ltr'><em>ἔδει</em></span> <span class='ocrx_word' id='word_1_299' title='bbox 1180 4182 1212 4233; x_wconf 79' lang='grc' dir='ltr'>τὰ</span> <span class='ocrx_word' id='word_1_300' title='bbox 1224 4182 1352 4260; x_wconf 67' lang='grc' dir='ltr'><em>χοήματα</em></span> 
     </span>
    </p>
   </div>
   <div class='ocr_carea' id='block_1_5' title="bbox 0 0 1625 4834">
    <p class='ocr_par' dir='ltr' id='par_1_8' title="bbox 0 0 1625 4834">
     <span class='ocr_line' id='line_1_39' title="bbox 0 0 1625 4834; baseline 0 0"><span class='ocrx_word' id='word_1_301' title='bbox 0 0 1625 4834; x_wconf 95' lang='lat' dir='ltr'> </span> 
     </span>
    </p>
   </div>
  </div>
 </body>
</html>
