3234 4834
782 222 824 281 24

248 419 412 485 scriberet
443 418 498 481 ἐὰν
527 418 564 481 δὲ
592 421 637 505 μὴ
667 415 733 504 ἔχῃ,
764 416 843 498 quid
875 418 939 482 huc
969 418 1160 500 conjectura
1190 412 1357 496 profecit?

248 519 333 584 Nam
360 519 448 600 quod
475 518 548 600 ipse
574 518 680 584 voinit
706 518 751 583 sd
776 519 860 583 brec
884 519 989 583 rerba
1023 518 1128 601 ὥρων
1154 514 1358 599 cogitatione

248 618 344 699 addi,
375 618 411 684 id
427 620 498 702 iem
529 637 633 700 supm
661 617 957 683 demonstravimus
988 624 1126 700 propter
1157 622 1263 682 totam
1294 614 1359 680 loci

249 718 547 785 structurumderi
566 737 632 784 non
654 737 766 801 posse;
788 718 926 784 duarum
948 724 1058 784 autem
1080 717 1358 801 significationum

249 819 395 903 ejussdffl
415 819 480 900 rei,
507 819 561 881 ἐὰν
589 819 625 881 δὲ
642 810 795 906 μηδεὶςῇ
825 820 940 883 τούτων
967 826 1003 883 et
1031 819 1085 881 ἐὰν
1110 818 1169 901 μὲν
1199 815 1361 904 ἐπίκληρός

251 911 341 1006 aci,
367 937 451 1000 quas
476 919 607 1000 quidem
637 918 689 984 ita
713 918 903 1002 conjungit,
936 925 975 984 ut
1007 918 1148 984 alteram
1176 937 1218 982 ex
1249 917 1359 982 altera

249 1018 437 1085 necessario
458 1018 613 1099 consequi
634 1018 816 1099 existimet,
838 1037 905 1084 uns
924 1018 1055 1100 quidem
1082 1019 1181 1099 plene
1201 1035 1359 1100 superva-

249 1137 353 1185 canee
373 1126 436 1184 est
479 1117 590 1201 Quare
616 1119 669 1184 his
695 1119 892 1202 conjecturis
921 1118 1083 1202 neglectis
1112 1118 1359 1197 acquiescemus

248 1219 285 1284 in
304 1219 353 1285 eis
370 1219 493 1299 verbis,
515 1219 656 1299 quaein
678 1219 844 1284 codicibus
864 1218 959 1284 nobis
980 1218 1108 1284 traditu
1128 1226 1207 1284 sunt
1229 1230 1264 1284 et
1285 1236 1359 1283 mea

250 1319 381 1401 quidem
401 1320 570 1384 sententis
590 1338 727 1402 prorsus
747 1328 840 1386 recte
860 1339 897 1385 se
918 1320 1053 1385 habent.

333 1435 400 1502 Sed
434 1454 521 1501 nuuc
555 1435 789 1518 disputandum
824 1443 876 1502 est
911 1436 952 1501 de
987 1436 1052 1502 fide
1087 1444 1121 1502 et
1156 1435 1360 1502 auctoritate

249 1537 426 1617 formulae,
448 1555 546 1616 quam
579 1536 621 1601 de
647 1536 868 1618 compluribus
895 1536 1004 1601 ooums
1031 1536 1236 1618 suppositam
1262 1540 1360 1618 putat

249 1636 448 1702 Franckius
490 1635 636 1701 Primum
656 1636 788 1717 quidem
808 1635 986 1702 offenditur
1007 1636 1060 1702 vir
1080 1636 1290 1702 doctissimus
1319 1655 1361 1702 es

250 1756 298 1817 re,
319 1736 407 1817 quod
426 1735 530 1801 verba
549 1735 634 1816 legis
655 1736 800 1802 oratoris
821 1736 932 1802 verbis
953 1756 1018 1803 non
1039 1736 1254 1802 conveniant:
1284 1755 1361 1802 nam

249 1854 322 1901 cum
353 1842 469 1901 orator
500 1836 643 1901 scribom
670 1836 809 1920 jusserit
841 1856 898 1902 ess
930 1839 1024 1920 leges
1055 1838 1220 1921 recitare,
1242 1839 1361 1920 quibus

249 1940 411 2001 statutum
432 1935 491 2017 sit,
514 1954 615 2017 penes
635 1954 717 2016 qnos
738 1942 829 2002 esset
846 1939 900 2021 jus
922 1938 1068 2003 mulieris
1095 1939 1360 2020 (respondendas,

249 2036 292 2100 de
311 2035 376 2100 buc
396 2053 434 2100 re
460 2035 495 2100 in
520 2035 605 2116 legis
633 2034 744 2116 priore
771 2037 866 2102 modo
894 2044 992 2118 purte
1019 2038 1092 2120 agi,
1121 2039 1231 2103 ultera
1262 2043 1361 2121 parte

251 2140 432 2217 praecepta
452 2133 575 2207 stium,
600 2152 685 2215 quoe
716 2154 782 2200 non
813 2137 875 2201 hoc
905 2137 986 2217 loco,
1019 2138 1078 2203 sed
1108 2138 1199 2203 inim
1230 2139 1359 2204 demum

249 2235 489 2300 desiderentur.
532 2234 598 2299 Sed
618 2253 685 2300 non
706 2235 943 2301 animadvertit
958 2238 1011 2302 vir
1025 2238 1235 2303 doctissimus
1245 2240 1360 2321 umba,

249 2353 335 2416 quae
355 2342 469 2401 oratur
482 2333 620 2398 laudata
641 2334 717 2415 lege
731 2333 828 2399 facit:
850 2334 941 2412 οὗτος
955 2338 1015 2420 μὲν
1038 2337 1134 2400 τοίνυν
1154 2340 1173 2398 ὁ
1195 2339 1289 2422 νόμος
1307 2338 1363 2415 οὓς

252 2434 375 2522 ἐποίησε
394 2434 518 2518 κυρίους
537 2432 622 2507 εἶναι,
636 2434 794 2519 ἀκηκόατε.
839 2433 930 2516 Quae
944 2438 1048 2501 verbu
1063 2456 1135 2502 cum
1148 2437 1226 2517 illiS,
1241 2439 1361 2518 quibus

249 2535 357 2616 legem
377 2533 518 2610 indicet,
540 2550 605 2596 non
625 2532 801 2597 convenire
823 2542 980 2615 apparet3
1001 2536 1060 2601 sed
1081 2536 1115 2601 in
1137 2539 1201 2603 bec
1221 2557 1259 2603 re
1279 2539 1360 2604 mihi

249 2632 383 2697 videtur
408 2652 474 2698 non
502 2630 728 2696 offendendum
759 2650 848 2713 esse,
883 2653 955 2699 cum
981 2637 1061 2702 alibi
1090 2657 1219 2720 quoque
1245 2645 1361 2706 orator

254 2738 290 2798 et
323 2731 436 2797 varies
471 2749 526 2797 res
561 2730 739 2794 confundat
773 2738 809 2795 et
844 2751 898 2797 res
939 2734 1029 2800 inter
1064 2756 1101 2803 se
1144 2739 1361 2808 cohaerentes

253 2831 401 2897 divellat

333 2948 400 3015 Sed
421 2946 486 3013 etsi
511 2946 806 3013 demonstravimus
835 2947 973 3015 duorum
1000 2952 1041 3017 de
1067 2955 1174 3019 tutela
1201 2961 1237 3020 et
1264 2975 1362 3038 spon·

250 3047 343 3116 suiiis
365 3047 535 3114 mulierum
555 3047 664 3131 legum
685 3046 944 3131 conjunctionem
966 3053 1008 3116 ob
1036 3062 1170 3120 oratore
1199 3055 1361 3139 originem

252 3152 372 3216 ducere
385 3168 491 3231 neque
505 3147 677 3214 offensioni
698 3166 771 3213 esse
792 3148 923 3229 debere,
945 3158 1056 3217 tumen
1077 3156 1221 3221 nondum
1242 3158 1363 3238 proba·

251 3250 357 3315 vimus
380 3249 556 3332 genninom
577 3266 650 3313 esse
672 3247 843 3312 formulam
865 3249 1025 3317 traditam
1077 3254 1143 3320 Suo
1173 3257 1260 3322 enim
1284 3259 1363 3343 jure

251 3349 481 3414 offendebatur
496 3346 692 3425 Franckius,
707 3345 793 3426 quod
803 3345 839 3410 iu
854 3346 994 3414 formula
1009 3370 1050 3416 ex
1069 3351 1227 3438 pluribus,
1241 3358 1363 3438 quibus

249 3451 450 3530 potestatem
484 3445 736 3525 despondendoe
767 3444 913 3512 mulieris
945 3448 1049 3517 fuisse
1080 3453 1140 3518 ulii
1171 3462 1362 3524 oratorum·

251 3545 427 3611 atticorum
440 3543 505 3609 loci
525 3543 799 3627 demonstrarent,
824 3550 894 3611 tres
915 3549 1009 3614 modo
1030 3550 1080 3616 illi
1101 3554 1362 3642 nominarentur,

251 3644 308 3727 qui
328 3646 370 3709 ob
395 3649 529 3708 oratore
557 3642 696 3724 exempli
721 3661 822 3709 ceusu
849 3651 1092 3718 commemorati
1118 3664 1240 3722 essent.
1288 3656 1363 3740 Qua

251 3764 293 3809 ex
314 3742 514 3808 difficultate
534 3760 594 3807 nos
627 3742 782 3822 expedire
808 3743 866 3809 vix
892 3749 1088 3834 poterimus,
1118 3754 1183 3820 nisi
1210 3756 1363 3824 lacunam

250 3845 286 3910 in
316 3843 392 3925 lege
413 3843 483 3925 jum
508 3839 746 3920 antiquissimis
773 3844 976 3924 temporibus
1003 3856 1111 3917 ortam
1140 3873 1215 3920 esse
1243 3858 1364 3937 proba-

336 4039 695 4106 wenedorum
