3234 4834
783 252 823 313 33

257 447 409 514 orationis
423 465 502 514 suae
514 446 605 514 initio
620 447 789 532 signifieat,
800 467 865 529 qua
877 448 949 531 lege
959 447 1190 514 Theomnestus
1200 447 1362 513 Neaeram

256 547 290 613 in
307 547 462 631 J‘udioium
482 547 657 617 vocaverit.
699 548 770 614 Lex
791 553 913 631 autem,
935 566 1016 629 quae
1044 548 1103 613 hoe
1128 547 1197 613 loeo
1225 545 1362 612 oratoris

256 648 364 715 uerbis
385 647 508 715 inserta
529 653 588 732 est,
609 650 668 715 hoo
688 649 780 715 modo
801 648 936 733 legitur:

381 782 445 847 Ἐὰν
477 783 513 847 δὲ
546 782 632 855 ξένος
660 784 739 870 ἀστῇ
763 783 887 869 συνοικῇ
915 782 1005 870 τέχνῇ
1030 780 1049 868 ῇ
1072 783 1198 870 μῇχανῇ
1224 779 1362 867 ᾑτινιοῦν,

382 883 550 969 γραφέσθω
573 885 653 969 oph<
673 882 747 953 τοὺς
760 882 951 967 θεσμοθέτας
963 880 1122 970 Ἀθηναίων
1137 885 1154 944 ὑ
1168 881 1362 965 βουλόμενος,

384 982 430 1053 οἷς
442 981 563 1056 ἔξεστιν.
586 983 640 1046 ἐὰν
654 983 690 1047 δὲ
704 985 778 1068 ἁλῷ,
801 983 971 1067 πεπράσθω
993 985 1041 1046 καὶ
1056 983 1150 1051 αὐτὸς
1167 983 1216 1046 καὶ
1237 981 1256 1067 ὴ
1278 978 1363 1043 οὐσία

383 1083 497 1165 αὐτοῦ,
518 1086 567 1147 καὶ
590 1086 623 1147 τὸ
649 1082 745 1168 τμίτον
763 1084 863 1168 μέμος
888 1082 967 1147 ἔστω
991 1087 1043 1146 τοῦ
1065 1082 1193 1151 ἑλόντος.
1228 1080 1306 1145 ἔστω
1328 1081 1363 1145 δὲ

382 1186 431 1247 καὶ
462 1183 516 1246 ἐὰν
548 1184 567 1269 ἦ
593 1182 663 1270 ξένῇ
685 1186 730 1268 τῷ
749 1185 835 1268 ἀστῷ
865 1184 987 1269 συνοικῇ
1017 1183 1093 1247 κατὰ
1127 1182 1233 1257 ταῦτα’,
1267 1183 1314 1245 καὶ
1346 1183 1363 1242 ὁ

383 1288 528 1348 συνοικῶν
552 1285 589 1370 τῇ
610 1283 680 1372 ξένῇ
703 1286 740 1370 τῇ
760 1285 876 1372 ἁλούσῃ
897 1282 1045 1368 ὀφειλέτω
1062 1281 1162 1367 χιλίας
1173 1282 1320 1366 δραχμάς.

341 1435 394 1500 De
424 1434 518 1518 hujus
544 1433 699 1500 formulae
731 1433 891 1515 scriptura
923 1435 1002 1499 haee
1030 1431 1162 1499 dicenda
1194 1436 1280 1497 sunt:
1323 1432 1364 1497 In

259 1534 349 1601 libris
379 1535 500 1617 scripta
520 1533 664 1601 Videmus
693 1535 793 1600 verba
820 1534 969 1603 ὡσαύτως
987 1534 1023 1598 δὲ
1044 1534 1093 1596 καὶ
1114 1532 1167 1596 ἐὰν
1188 1532 1207 1619 ῇ
1230 1532 1300 1618 ξένῇ
1322 1536 1366 1615 τῷ

260 1635 344 1720 ἀστῷ
366 1636 489 1721 συνοικῇ
509 1635 585 1698 κατὰ
608 1635 717 1714 τούτω
749 1653 831 1714 quae
851 1635 952 1699 rerba
978 1631 1118 1699 mutavit
1138 1632 1307 1697 Bekkerus
1332 1631 1366 1696 in

260 1732 338 1798 ἔστω
361 1734 395 1797 δὲ
418 1736 532 1798 καλ...
555 1734 631 1797 κατὰ
654 1735 756 1808 ταύτά,
779 1732 968 1800 Sohaeierus
982 1737 1093 1798 eontra
1109 1731 1157 1796 ita
1172 1731 1363 1812 emendavit,

245 1838 295 1900 ¹ut
308 1835 408 1901 uerba
430 1834 506 1898 κατὰ
529 1833 625 1898 ταύτά
643 1833 772 1900 deleret.
817 1832 959 1918 Quarum
982 1833 1243 1916 oonJeoturarum,
1259 1851 1366 1913 quam·

259 1954 354 2015 quam
382 1939 518 2015 utraque
545 1933 675 2000 offensio
708 1934 841 2016 tollitur,
874 1938 982 2000 tamen
1014 1932 1156 1998 Bekke1i
1189 1932 1365 1998 emendatio

259 2040 297 2100 ut
319 2034 445 2101 facilior
465 2033 675 2117 praeferenda
696 2039 754 2100 est.

344 2135 426 2202 Tum
458 2135 670 2216 quaerendum
702 2140 760 2216 est,
783 2134 859 2216 quid
888 2134 950 2201 sibi
975 2134 1077 2201 velint
1105 2134 1205 2201 verba
1231 2131 1366 2221 τέχνῇῆ

256 2238 383 2323 μηχανῇ
390 2260 398 2316 ;
427 2236 487 2303 viri
519 2235 602 2302 enim
635 2236 721 2302 docti
753 2238 792 2303 de
824 2237 885 2302 hae
914 2255 951 2301 re
981 2235 1065 2301 inter
1097 2253 1132 2301 se
1163 2233 1365 2300 dissentiunt.

258 2335 463 2419 Philippius¹
499 2335 623 2417 quidem
651 2339 746 2418 putat
779 2335 953 2420 significari
990 2335 1040 2401 his
1071 2333 1178 2402 uerbis
1213 2334 1301 2400 dolos
1334 2340 1367 2400 et

258 2436 510 2503 machinationes
532 2436 656 2520 legibus
677 2445 902 2521 repugnantes,
926 2436 1038 2518 quihus
1059 2434 1219 2518 peregrini
1241 2434 1367 2501 efficere

260 2538 425 2619 studeant,
448 2541 485 2603 ut
507 2538 674 2604 conubium
702 2557 772 2604 oum
794 2538 864 2605 eive
889 2538 997 2618 aliqua
1024 2535 1144 2602 factum
1171 2539 1277 2602 iatum
1306 2535 1365 2617 sit;

259 2641 372 2703 eontra
392 2637 446 2718 qui
466 2643 543 2704 ante
564 2657 634 2704 eum
655 2637 689 2704 in
711 2639 794 2704 hano
824 2656 891 2704 rem
918 2636 1176 2718 inquisiverunt,²
1203 2637 1367 2702 intellexe

258 2740 335 2802 runt
355 2737 584 2820 simulationem
608 2757 687 2819 quas
708 2738 859 2821 conjuges
880 2738 965 2805 inter
980 2743 1015 2803 'se
1029 2728 1180 2802 fecerent.
1224 2735 1367 2821 Quarum

260 2836 506 2918 explicationem
527 2837 604 2903 mihi
625 2839 729 2920 magis
750 2857 797 2920 ea,
827 2857 921 2919 quam
943 2837 1118 2920 posteriore
1140 2838 1209 2903 loeo
1235 2856 1367 2903 oomme

260 2936 392 3016 moravi,
408 2937 523 3017 placet,
534 2956 636 3017 neque
651 2938 734 3016 quod
747 2938 929 3019 Philippius
944 2937 1091 3020 opposuit
1104 2937 1195 3003 brevi
1214 2938 1366 3018 originem

261 3034 428 3118 conjugum
459 3036 566 3117 palam
598 3035 667 3101 fieri
688 3036 835 3102 debuisse
855 3055 958 3116 neque
982 3037 1194 3119 permultum
1215 3038 1367 3120 temporis

261 3137 358 3202 celari
378 3137 528 3221 potuisse,
550 3137 584 3203 id
605 3137 683 3203 mihi
703 3138 837 3204 multum
859 3138 969 3205 valere
988 3138 1131 3218 videtur,
1161 3157 1230 3203 eum
1259 3142 1367 3219 putem

259 3257 322 3303 non
344 3237 430 3304 inter
451 3257 559 3305 omnes
581 3239 772 3321 constitisse,
795 3245 899 3305 utrum
922 3237 1041 3322 singuli
1055 3239 1197 3305 homines
1218 3239 1304 3305 eines
1325 3259 1367 3305 an

259 3338 421 3423 peregrini
455 3346 570 3407 essent.
629 3341 676 3405 At
706 3339 833 3406 omnino
864 3359 928 3406 non
959 3345 1036 3422 puto
1068 3341 1168 3407 uerba
1201 3344 1367 3421 tantopere

259 3440 432 3521 premenda
462 3458 547 3515 esse,
581 3441 637 3506 sed
666 3440 749 3506 hano
779 3440 950 3507 formulam
975 3440 1008 3507 iu
1041 3440 1164 3523 legibus
1192 3445 1225 3505 et
1255 3439 1367 3505 edictis

258 3539 526 3620 usitatissimam‚³
542 3539 639 3606 latius
654 3545 766 3622 patere
785 3560 887 3623 neque
902 3542 990 3607 eliud
1007 3542 1177 3623 quidquam
1189 3539 1368 3622 siguificare

259 3637 324 3704 nisi
347 3639 511 3724 „qualibet
531 3639 676 3722 improba
697 3640 782 3707 via.“

344 3843 352 3871 ¹
372 3839 406 3897 ef.
424 3840 551 3908 Philippi,
570 3840 653 3908 symb.
674 3840 708 3894 ad
725 3841 867 3896 historiam
884 3841 1006 3896 civitatis
1023 3840 1123 3895 atticae
1140 3857 1166 3908 p·
1184 3842 1224 3896 73.

343 3925 354 3954 ¹
371 3923 404 3977 of.
422 3923 545 3992 Platorii,
572 3924 604 3977 de
621 3923 662 3977 lit
681 3928 709 3978 et
725 3928 777 3979 aot.
795 3924 850 3979 vol.
872 3925 889 3977 2
911 3941 937 3992 p.
958 3926 1003 3989 693
1030 3924 1143 3990 Heffter‚
1163 3923 1186 3978 1,
1210 3925 1227 3978 l.
1252 3944 1277 3995 p.
1304 3928 1364 3989 1633

259 4006 565 4076 ndffldhpffl

342 4091 352 4122 ⁸
369 4089 500 4161 Exemplo
517 4089 579 4144 vide
597 4089 626 4143 in
643 4088 773 4158 Stephani
789 4091 858 4145 thes.
877 4089 930 4144 vol.
948 4091 964 4144 7
981 4109 1007 4161 p.
1024 4092 1098 4146 2112.
1159 4160 1176 4213 3
