3234 4834
243 455 365 535 bimus;
399 456 484 537 quod
512 459 622 521 tamen
644 454 723 521 mihi
743 455 818 520 fieri
846 473 943 538 posse
964 455 1106 523 videtur.
1154 457 1240 522 Puto
1266 457 1351 523 enim

231 560 345 621 totam
367 555 555 638 formulam,
586 575 683 637 quam
711 560 824 622 orator
850 557 988 623 recitari
1017 558 1133 643 jussit,
1167 557 1217 623 ita
1248 556 1351 624 fuisse
1462 570 1464 573 ’

243 660 482 738 comparatam,
504 662 543 722 ut
571 660 647 739 post
667 675 779 723 vocem
805 658 941 746 γνησίους
966 659 1050 725 duae
1080 663 1252 725 exstarent
1279 677 1351 725 sen·

243 755 386 822 tentiae:
410 774 547 838 quarum
569 757 660 840 prior
681 758 826 824 fortasse
847 757 1049 842 incipiebat¹
1071 760 1217 827 averbis
1239 759 1293 822 ἐὰν
1315 760 1350 823 δὲ

240 857 347 944 μηδεὶς
367 849 386 944 ᾗ
410 857 525 923 τούτων
546 865 581 924 et
602 859 751 940 docebat,
773 858 890 940 quibus
912 859 987 926 aliis
1001 860 1194 944 propinquis
1215 866 1350 942 praeter

244 960 374 1037 patrem
398 962 432 1022 et
453 957 594 1024 fratrem
616 963 650 1024 et
678 977 775 1026 avum
800 956 918 1025 liceret
944 959 1112 1026 mulierem
1138 960 1350 1043 despondere,

243 1057 407 1139 posterior
429 1060 623 1141 exponebat,
646 1058 724 1140 quid
745 1058 950 1143 significaret
968 1079 1033 1126 uox
1054 1061 1236 1150 ἐπίκληρος.ι
1277 1059 1350 1143 Qua

243 1177 315 1225 cum
345 1159 420 1241 lege
449 1164 562 1223 orator
593 1159 761 1243 conjunxit
786 1160 876 1225 illam
905 1160 946 1226 de
972 1161 1094 1244 tutela,
1125 1162 1215 1245 cujus
1243 1159 1350 1243 prima

243 1262 340 1339 parte
372 1260 585 1325 statuebatur
617 1264 655 1324 ut
684 1258 772 1324 filiae
804 1264 916 1325 essent
948 1259 982 1325 in
1014 1261 1120 1327 tutela
1151 1260 1259 1344 patris
1291 1265 1349 1326 aut

242 1357 360 1425 fratris
382 1364 441 1425 aut
463 1359 527 1442 avi,
551 1358 657 1424 altera
679 1377 757 1441 pars
775 1359 844 1442 jam
874 1365 985 1427 exstat
1013 1360 1089 1427 inde
1117 1379 1137 1426 a
1158 1361 1269 1428 verbis
1295 1362 1349 1425 ἐὰν

243 1458 278 1520 δὲ
296 1452 445 1546 ρηδεὶςῇ
468 1460 590 1524 τούτων.
635 1460 715 1525 illae
736 1466 846 1525 autem
868 1462 1062 1544 sententiae,
1085 1479 1169 1543 quae
1191 1463 1232 1527 ab
1253 1460 1348 1527 initio

242 1557 276 1623 in
297 1559 404 1624 media
425 1559 565 1625 formula
587 1560 775 1633 exstabant,
798 1577 836 1625 eo
858 1559 988 1627 facilius
1011 1561 1161 1628 excidere
1183 1567 1349 1647 poterant,

244 1658 330 1739 qnod
351 1661 393 1725 ab
416 1659 531 1726 iisdem
553 1658 664 1725 verbis
686 1658 902 1744 incipiebant,
931 1662 1048 1744 quibus
1069 1661 1104 1728 id
1125 1669 1348 1747 praeceptum,

244 1759 329 1839 quod
350 1759 383 1825 in
406 1760 470 1825 fine
492 1759 577 1843 legis
599 1759 758 1842 scriptum
781 1765 841 1827 est.

326 2077 442 2143 Tertia
473 2082 584 2145 autem
611 2079 697 2163 legis
723 2079 763 2145 de
797 2081 905 2147 tutela
936 2080 1107 2148 mulierum
1138 2100 1231 2168 pars,
1264 2100 1349 2163 quae

242 2179 333 2243 nulla
347 2198 427 2245 voce
448 2179 649 2263 interposita
663 2181 766 2247 verba
788 2185 894 2245 τοῦτον
915 2182 1018 2267 κύριον
1041 2180 1116 2246 εἶναι
1138 2183 1347 2266 sequebatur,

242 2278 322 2345 mibi
342 2279 474 2347 videtur
507 2300 546 2347 ea
577 2280 718 2347 formula
751 2299 843 2364 esse,
875 2300 973 2366 quam
1006 2299 1092 2347 nunc
1122 2280 1156 2346 in
1189 2281 1348 2349 orationis

243 2376 325 2462 §26
350 2378 506 2461 legimus:

358 2495 424 2558 Καὶ
446 2496 498 2558 ἐὰν
529 2496 566 2570 ἐξ
589 2497 751 2584 ἐπικλήρου
781 2520 824 2573 τις
849 2497 976 2584 γένηται,
1003 2499 1050 2561 καὶ
1080 2499 1143 2581 ἄρα
1170 2498 1273 2588 ἡβήσῃ
1301 2499 1348 2564 ἐπὶ

368 2594 477 2672 δίετες,
514 2601 635 2681 κρατεῖν
669 2601 728 2661 τῶν
755 2598 939 2684 χρημάτων,
962 2600 1013 2661 τὸν
1045 2597 1081 2661 δὲ
1112 2602 1194 2662 σῖτον
1222 2604 1348 2685 μετρεῖν

369 2696 524 2785 unorn-

326 2829 422 2894 Hanc
453 2829 625 2895 formulam
654 2831 865 2898 Franokius³
897 2831 1106 2898 subdititiam
1137 2838 1235 2917 putat
1267 2852 1348 2917 esse,

243 2926 330 3007 quod
351 2927 514 3010 integrior
535 2930 619 3012 legis
641 2930 790 3013 formula,
814 2951 910 3013 quam
932 2932 1000 3016 legi
1017 2934 1155 3016 jusserit
1169 2940 1292 3020 orator,
1314 2936 1348 3002 in

243 3034 397 3109 promptu
417 3045 482 3092 non
504 3028 564 3107 sit3
587 3029 645 3093 sed
674 3029 736 3093 hoc
761 3030 891 3095 minime
920 3037 1011 3098 recte
1039 3032 1123 3099 dixit
1149 3035 1201 3100 uir
1230 3035 1348 3103 doctis·

242 3125 351 3210 simus,
373 3128 468 3193 immo
490 3126 525 3193 id
553 3146 651 3195 unum
678 3128 792 3195 mirari
821 3149 1008 3216 possumus,
1036 3152 1094 3199 cur
1123 3140 1237 3202 orator
1263 3137 1348 3203 hanc

241 3233 370 3308 partem
401 3247 423 3295 a
455 3227 565 3309 priore
597 3227 792 3313 secreverit,
826 3249 931 3314 neque
963 3232 1063 3298 ullam
1091 3233 1189 3299 aliam
1216 3254 1348 3303 causam

241 3328 375 3410 repperi
396 3327 460 3394 uisi
480 3329 568 3394 forte
589 3327 754 3395 inscitiam
770 3329 922 3397 oratoris.
965 3332 1128 3400 Praetera
1143 3339 1252 3402 antem
1266 3336 1349 3404 nibil

241 3428 343 3494 habet
372 3430 424 3496 vir
456 3432 673 3517 doctissimus,
708 3434 793 3516 quod
822 3433 1005 3517 vituperet3
1037 3454 1112 3501 nam
1146 3439 1231 3519 quod
1264 3437 1348 3505 dixit

241 3530 413 3598 formulam
435 3553 476 3599 ex
498 3533 640 3600 oratoris
662 3533 771 3601 verbis
794 3535 1006 3617 compositam
1029 3555 1115 3620 esse,
1144 3537 1229 3603 banc
1251 3538 1348 3605 offen·

242 3628 364 3696 sionem
386 3652 504 3700 vanam
528 3654 600 3701 esse
617 3636 685 3720 jann
707 3654 809 3719 supra
830 3636 979 3704 vidimus.
1024 3638 1101 3704 Cum
1125 3646 1235 3708 autem
1256 3640 1348 3721 prior

241 3729 304 3812 lex,
328 3733 413 3813 quod
435 3733 564 3815 quidem
585 3735 691 3818 video,
712 3736 802 3802 nullo
818 3735 883 3802 alio
904 3737 974 3805 loco
990 3739 1175 3808 confirmari
1190 3740 1346 3825 potuerit,

326 3937 336 3964 ¹
353 3933 432 3989 Hanc
448 3933 533 3989 fuisse
550 3934 621 4003 legis
638 3935 759 4007 formam,
777 3939 952 3996 confirmatur
969 3943 1058 3998 verbis
1070 3943 1142 3999 Isaei
1159 3941 1348 4009 inor.11§2.

325 4018 336 4133 Ξ
353 4015 431 4159 {ane
441 4017 611 4162 Ιεεηωρρὲεω
629 4020 692 4075 addi
709 4021 833 4098 potuisse
850 4023 933 4083 etiam
947 4025 1097 4088 Franckius
1115 4026 1245 4085 concedit

353 4117 387 4158 o.
417 4142 422 4155 .
453 4120 502 4175 .p.
574 4144 580 4158 .
