3234 4834
756 375 796 433 55

224 591 390 651 nunquam
410 569 445 635 iu
466 569 662 653 populiscito
684 569 741 636 illo
759 568 937 650 exstitisse,
960 569 1019 634 sed
1033 588 1054 633 a
1068 569 1205 635 falsario
1220 569 1329 651 aliquo

227 671 407 754 composita
429 690 500 737 esse
522 690 586 737 non
609 670 832 753 persuadebis.
877 669 967 752 Quae
982 669 1149 736 sententia
1164 669 1242 735 mihi
1258 689 1330 735 cou-

225 774 393 855 firmatur,
424 792 495 838 cum
524 773 653 838 videam
682 775 716 836 et
745 770 924 836 Meierum¹
955 789 1083 851 quoque
1113 777 1147 835 et
1173 770 1331 836 Islerum²

225 876 260 937 et
294 870 505 937 Szantovium
542 871 628 937 hanc
663 872 835 937 formulam
869 870 1042 952 genuinam
1075 876 1195 951 putare
1226 891 1330 951 neque

224 992 255 1038 v.
272 971 302 1036 d.
319 972 457 1054 Esium,³
478 971 534 1052 qui
556 972 596 1036 de
615 974 844 1053 plerarumque
867 970 1004 1035 aliarum
1028 970 1241 1035 formularum
1256 990 1330 1037 auc·

225 1073 363 1139 toritate
400 1072 523 1137 diserte
555 1072 697 1155 judicat,
735 1071 811 1136 huic
846 1071 1004 1136 formulae
1040 1071 1135 1137 fidem
1168 1074 1330 1156 derogare

226 1192 340 1238 ausum
363 1191 445 1238 esse.

308 1458 399 1523 Idem
432 1456 503 1522 fere
536 1456 705 1522 dicendum
736 1462 787 1521 est
816 1457 855 1521 de
883 1455 952 1522 litis
984 1456 1214 1539 instrumento,
1245 1459 1330 1539 quod

225 1558 289 1639 jam
325 1577 423 1622 unum
459 1562 584 1638 restat,
622 1557 662 1621 de
694 1557 836 1622 formula
865 1556 1079 1640 jurisjurandi
1113 1558 1329 1637 sacerdotum,

228 1675 311 1736 quae
342 1659 547 1724 vocabantur
578 1654 717 1740 κεραραί,
750 1657 841 1739 cujus
869 1658 972 1721 verba
1003 1657 1036 1721 in
1069 1659 1217 1723 oratione
1250 1661 1331 1724 haec

142 1756 146 1761 ’
227 1757 418 1822 laudantur:

348 1869 453 1957 Ὅρκος
477 1878 624 1958 γεραρῶν.
658 1873 812 1956 Ἅγιστεύιο
848 1876 895 1936 καὶ
929 1874 988 1956 εἷρὶ
1023 1873 1145 1958 καθαρὰ
1181 1877 1229 1938 καὶ
1257 1876 1329 1963 ἁγνὴ

351 1976 412 2037 ἀπὸ
437 1979 495 2037 τῶν
517 1973 615 2037 ἄλλων
646 1978 705 2037 τῶν
732 1974 768 2036 οὐ
797 1973 1032 2057 καθαρευόντων
1060 1977 1108 2037 καὶ
1137 1976 1188 2037 αἴτι’
1217 1977 1330 2058 ἀνδρὸς

351 2073 592 2149 συνουσίας,καῖ
616 2074 652 2137 τὰ
675 2073 795 2155 deripuere
818 2076 866 2137 καὶ
889 2074 924 2136 τὰ
954 2074 1112 2160 ἰοβάκχεια
1140 2080 1263 2159 fidae&
1288 2077 1330 2161 τῷ

350 2174 485 2258 Διονύσῳ
508 2174 584 2238 κατὰ
607 2174 643 2237 τὰ
666 2175 776 2258 πάτρια
798 2176 847 2238 καὶ
876 2173 908 2236 ἐν
932 2179 990 2242 τοῖς
1011 2175 1175 2262 καθήκουσι
1192 2176 1327 2260 χρόνοις,

308 2307 453 2372 Primum
480 2307 608 2388 quidem
640 2307 681 2372 de
710 2307 869 2372 formulae
903 2306 1069 2389 scriptura
1099 2327 1206 2389 pauca
1227 2312 1330 2374 verba

226 2407 378 2473 facienda
399 2411 485 2473 sunt.
534 2408 675 2472 Praeter
703 2406 873 2472 lectionem
902 2408 986 2472 enirn
1014 2414 1153 2493 κεραρῶυ
1181 2408 1214 2473 iu
1244 2408 1330 2473 codi-
1410 2487 1413 2495 Ι

224 2508 315 2574 cibus
349 2508 471 2591 legitur
501 2512 652 2592 γεραιρῶν
683 2506 736 2572 vel
768 2506 932 2592 γεραιρων,
970 2508 1027 2573 sed
1060 2510 1120 2574 has
1154 2508 1276 2573 formas
1310 2526 1329 2571 a

225 2607 450 2690 grammaticis
478 2609 531 2673 vel
563 2606 709 2672 librariis
742 2610 879 2687 propter
912 2607 1144 2690 etymologiam
1176 2627 1196 2672 a
1230 2609 1329 2672 verbo

223 2705 355 2790 γεραίρω
385 2707 481 2772 fictas
510 2724 581 2772 esse
606 2706 733 2790 judicat
760 2706 982 2789 Diudorfius,⁴
1012 2727 1105 2788 quem
1132 2709 1160 2773 A
1198 2710 1330 2773 Momm·

224 2803 356 2869 senius‘
388 2812 520 2871 secutus
553 2823 625 2870 esse
653 2805 795 2871 videtur.
848 2808 930 2871 'an
963 2807 996 2871 in
1027 2807 1138 2873 verbis
1170 2808 1329 2874 formulae

225 2900 328 2981 ipsius
343 2908 477 2983 praeter
492 2904 630 2968 formam
645 2910 768 2987 γεραρῶ
784 2907 951 2985 reperitur
962 2907 995 2970 in
1008 2908 1172 2972 codicibus
1187 2908 1328 2992 κεροιρω,

225 2999 283 3062 sed
306 3016 375 3063 cum
399 3019 495 3064 sacra
517 3001 669 3066 facienda
691 3003 817 3069 demum
840 3003 916 3084 sint,
939 3006 1043 3070 futuri
1065 3006 1202 3071 formam
1218 3027 1329 3074 neces·

225 3097 348 3163 sariam
359 3117 431 3164 esse
443 3098 648 3165 demonstrat
660 3101 900 3167 Mommseuius.
944 3105 1092 3186 Denique
1107 3109 1329 3186 quaerendum

226 3212 286 3277 est,
308 3206 386 3262 utra
400 3198 514 3281 forma,
539 3198 657 3280 θεύρια
680 3219 722 3265 an
745 3200 868 3282 θεοίνια,
889 3221 1026 3285 quarum
1040 3210 1180 3286 utraque
1194 3206 1227 3271 in
1244 3208 1329 3273 codi-

225 3296 315 3362 cibus
351 3297 491 3381 legitur,
528 3298 717 3381 recipienda
749 3298 808 3380 sit3
845 3302 885 3366 de
921 3302 972 3367 his
1005 3309 1113 3369 autem
1146 3306 1329 3372 nominibus

224 3397 258 3460 M
260 3397 454 3463 ommsenius
465 3401 476 3432 ⁰
487 3399 706 3482 conjecturam
717 3400 869 3482 protulit,
883 3421 966 3482 quae
982 3402 1059 3467 milri
1071 3404 1208 3469 maxime
1221 3407 1330 3487 placet

223 3515 383 3576 quamque
409 3516 429 3561 a
461 3498 634 3564 Gilberto⁷
662 3520 788 3583 quoque
819 3501 953 3583 probari
987 3504 1092 3569 video.
1147 3505 1327 3572 Existimat

309 3703 315 3729 ¹
336 3698 370 3752 cf.
389 3700 421 3753 de
438 3700 566 3754 diaetetis
583 3717 609 3768 p.
627 3704 664 3755 7.¹

308 3782 369 3836 'ct
387 3783 512 3839 Fleckeis
529 3800 591 3838 ann.
609 3801 633 3838 a.
652 3788 717 3840 1871
735 3802 759 3853 p.
782 3787 836 3840 113.

309 3866 320 3895 ⁸
337 3866 371 3919 of.
388 3867 406 3920 1.
424 3868 442 3921 1.
460 3886 486 3937 p.
503 3870 544 3922 24.

308 3951 319 3977 ⁴
336 3948 370 4001 ef.
388 3950 519 4020 Stephani
537 3952 655 4006 thesaur.
673 3952 728 4006 vol.
746 3956 763 4006 2
779 3970 805 4020 p.
823 3955 881 4008 582.

308 4033 318 4062 ³
336 4031 369 4085 of.
389 4033 544 4102 Mommsen,
563 4036 714 4104 heortolog.
732 4055 757 4106 p.
775 4038 827 4091 358
844 4054 882 4103 sq.

308 4117 318 4146 ⁸
336 4115 369 4167 ef.
388 4116 405 4169 l.
423 4117 441 4170 1.
459 4136 485 4187 p.
503 4120 561 4172 327.

307 4201 316 4230 a
335 4201 371 4252 ct.
391 4199 503 4268 Gilhert,
523 4202 555 4255 de
573 4203 739 4272 temporibus
756 4203 966 4256 Bacchanalium
984 4190 1129 4259 atticorum
1149 4224 1174 4275 p.
1194 4210 1249 4261 161.
