3234 4834
774 311 815 371 29

248 468 449 591 quidquam*
467 507 616 590 intersit,
665 507 742 575 mihi
790 508 870 573 haee
916 506 1072 573 formula
1100 506 1238 591 genuina
1285 525 1355 573 esse

248 608 400 676 videtur.¹

332 893 412 960 Oum
427 893 542 976 deges
572 888 651 973 quas
680 894 741 959 huo
769 911 868 974 usque
899 892 1033 975 protuli,
1061 892 1138 958 mihi
1167 911 1274 959 omues
1301 911 1353 975 ge·

247 992 373 1073 trutinae,
406 993 462 1058 sed
495 1011 534 1057 ex
566 996 659 1073 parte
691 998 859 1075 corruptae
893 992 984 1058 uisae
1016 993 1092 1074 siut,
1124 1011 1209 1058 nuno
1249 992 1354 1075 dispu-

247 1093 378 1158 tandum
401 1096 451 1158 est
470 1094 510 1158 de
530 1092 720 1176 testimonio,
744 1094 827 1175 quod
848 1093 974 1173 quidem
995 1092 1133 1159 maxime
1148 1092 1258 1158 dubito
1278 1112 1352 1158 uum

247 1191 417 1275 genuinum
445 1193 496 1259 sit.

330 1310 419 1393 Lege
440 1308 523 1375 enim
545 1329 626 1391 quae
648 1314 698 1376 est
719 1310 759 1375 de
779 1311 882 1376 tutela
895 1309 1084 1376 feminarum
1105 1309 1239 1375 laudata
1252 1310 1352 1392 Apol·

248 1409 377 1475 lodorus
399 1409 520 1494 pergit:
548 1411 622 1473 α’λλά
641 1411 703 1497 μὴν
724 1411 770 1474 δτι
791 1410 850 1492 ἐγὼ
869 1410 927 1494 μὲν
950 1410 1125 1498 ἀπεδήμουν
1148 1416 1353 1498 τριηραρχῶν,

254 1511 455 1598 τετελευτήκει
476 1509 505 1574 δ’
529 1512 546 1573 δ
568 1511 670 1597 πατὴρ
692 1511 789 1585 πιίλαι,
813 1511 865 1573 ὅτε
887 1508 977 1587 οὗτος
996 1508 1104 1599 ἔγημε,
1127 1511 1181 1586 τὰς
1200 1510 1234 1573 δὲ
1256 1510 1353 1595 θερα-

249 1608 358 1686 παίνας
377 1612 469 1675 αὐτὸν
491 1609 615 1697 ἐξῄτουν
637 1613 685 1674 καί
707 1609 806 1698 ἠξίουν
823 1612 891 1694 περὶ
905 1610 999 1674 αὐτοῦ
1016 1611 1124 1674 τούτου
1138 1609 1353 1693 βασανίζεσθαι

246 1710 354 1785 αάτάς,
384 1711 411 1774 εἷ
440 1708 522 1774 ταῦτ’
549 1709 648 1798 ἀληθῆ
675 1710 753 1786 ἐστι,
775 1712 824 1774 καὶ
849 1711 895 1780 ὡς
924 1710 1171 1799 παρεκαλούμην,
1197 1710 1274 1794 λαβέ
1299 1735 1353 1794 μοι

247 1811 300 1898 τὴν
315 1809 493 1895 μαρτυρίαν.
538 1811 798 1893 Exspectandum
813 1809 912 1893 igitur
929 1814 978 1876 est
992 1809 1025 1876 in
1040 1810 1219 1878 testimonio
1233 1811 1353 1877 dictum

247 1928 316 1976 esse
350 1915 383 1977 et
414 1912 453 1978 de
485 1916 626 1993 tempore
658 1911 841 1993 nuptiarum
873 1910 1074 1977 Phormionis
1105 1909 1353 1996 Archippaeque

246 2015 280 2076 et
312 2011 352 2077 de
384 2012 611 2094 provocatione
635 2012 832 2094 Apollodori.
887 2011 1037 2094 Sequitur
1068 2016 1174 2078 autem
1205 2011 1239 2077 in
1271 2010 1352 2077 codi-

247 2110 336 2178 cibus
357 2113 436 2179 haec
457 2113 607 2179 formula:

312 2226 315 2231 ’
372 2231 567 2315 θίαρτυροῦσι
608 2236 765 2314 παρεῖναι,
798 2232 851 2294 διε
900 2230 1100 2315 προύκαλεῖτο
1131 2227 1355 2312 Ἀπολλόδωρος

372 2329 548 2414 Φορμίωνα,
582 2332 634 2393 θτε
656 2329 739 2418 ἠξίου
766 2331 933 2394 ἀποδοῦναι
960 2328 1183 2414 Ἀπολλόδωρος
1211 2329 1351 2414 Φορμίω-

371 2454 408 2493 να
431 2430 486 2500 τάς
505 2429 692 2515 θεραπαίνας
705 2432 750 2500 εἷς
761 2430 913 2512 βάσανον,
935 2431 962 2494 εἷ
980 2431 1025 2518 μή
1047 2454 1119 2518 φησι
1143 2429 1282 2514 Φορμίων
1303 2431 1352 2494 καὶ

370 2530 521 2615 πρότερον
550 2530 766 2616 διεφθαρκέναι
796 2532 849 2618 τὴν
876 2530 997 2618 μητέρα
1025 2532 1078 2618 τὴν
1107 2530 1191 2617 ἐμήν,
1219 2533 1287 2615 πρὶν
1314 2529 1350 2593 οὔ

368 2629 528 2714 ἀποφαίνει
568 2629 707 2715 Φορμίων
748 2635 839 2719 γῆμαι
874 2631 1094 2718 ἑῃυησάμενος
1135 2632 1229 2720 αὐτὴν
1266 2632 1350 2715 παρὰ

371 2730 536 2800 Πασίωνος.
562 2735 655 2795 ταῦτα
688 2732 723 2795 δὲ
756 2730 1003 2816 προκαλουμένου
1035 2729 1258 2816 Ἀπολλοδώρου
1295 2731 1350 2796 οὔκ

370 2830 500 2919 ἠθέλησε
524 2830 664 2915 Φορμίων
685 2832 876 2915 παραδοῦναι
899 2831 955 2899 τὰς
974 2830 1167 2915 θεραπαίνας.

327 2975 397 3061 Quo
430 2977 464 3043 in
497 2977 677 3069 testimonio
703 2979 994 3045 Westermannus²
1018 2982 1229 3064 compluribus
1254 2984 1349 3049 rebus

244 3076 412 3142 offenditur
432 3094 534 3157 neque
554 3076 661 3142 iacere
682 3096 819 3159 possum,
842 3077 917 3158 quin
938 3080 1000 3145 hac
1028 3081 1061 3146 in
1082 3100 1118 3146 ro
1138 3083 1208 3149 viro
1235 3083 1349 3149 doctis·

243 3175 321 3243 simo
343 3176 511 3243 assentiar.
553 3176 665 3258 Atque
683 3176 787 3260 prima
809 3177 934 3259 quidem
962 3180 1091 3247 offensio
1113 3186 1177 3267 est,
1205 3184 1288 3264 quod
1315 3183 1349 3249 in

243 3277 423 3344 testimonio
455 3297 497 3345 ne
530 3298 625 3365 uuum
659 3278 784 3360 quidem
816 3280 948 3347 verbum
980 3281 1097 3348 dicitur
1131 3284 1171 3350 de
1206 3289 1349 3366 tempore

242 3378 436 3462 nuptiarum,
459 3399 649 3462 quamquam
682 3385 791 3447 orator
823 3380 951 3448 disertis
972 3384 1079 3450 verbis
1111 3404 1147 3451 se
1177 3384 1271 3467 hrrjus
1301 3385 1348 3451 rei

242 3480 455 3547 testimonium
476 3481 692 3564 praebiturum
718 3501 789 3548 esse
818 3482 985 3565 promittit.
1039 3484 1161 3552 Contra
1193 3485 1226 3552 in
1259 3486 1348 3552 testi-

241 3580 345 3647 monio
375 3580 494 3663 insunt,
527 3600 609 3661 quae
640 3600 680 3647 ex
700 3582 807 3649 uerbis
841 3583 978 3649 oratoris
1009 3585 1138 3652 minime
1169 3586 1349 3667 exspectari

241 3684 392 3763 possunt,
414 3682 630 3750 narrationem
652 3681 720 3748 dico
743 3701 899 3765 amorum,
923 3703 1000 3764 quos
1018 3684 1086 3767 Jam
1107 3685 1182 3753 vivo
1209 3686 1348 3752 Pasione

241 3780 325 3847 inter
350 3781 574 3848 Phormionem
605 3785 639 3847 et
669 3780 866 3865 Archippam
895 3783 1113 3852 intercessisse
1132 3786 1347 3869 Apollodorus

325 3986 333 4013 ¹
353 3981 388 4036 cf.
406 3982 438 4036 de
456 3981 506 4036 hac
522 3982 584 4050 lege
601 3982 684 4036 etiarn
702 3980 794 4050 disier,
819 3982 851 4037 de
878 3982 956 4038 bonis
974 3985 1160 4040 damnatorum
1188 4003 1214 4055 p.
1233 3988 1290 4054 111,
1317 3991 1346 4042 et

240 4061 327 4117 Meier
344 4068 374 4118 et
390 4065 562 4134 Schoemaun,
580 4066 598 4120 l.
616 4067 633 4120 l.
651 4082 677 4134 p.
695 4068 753 4122 351.

324 4150 335 4178 ¹
352 4146 385 4201 cf.
405 4153 467 4203 acta
484 4150 577 4204 societ.
595 4149 668 4220 Lips.
686 4165 710 4203 a.
729 4152 802 4205 1850.
820 4151 873 4205 vol.
891 4150 913 4206 L
930 4167 956 4219 p.
976 4153 1032 4207 112.
