3234 4834
791 301 831 361 36

260 494 466 561 eonstitutum
487 494 596 577 fuisoe,
619 511 702 574 quae
722 512 824 576 poena
845 494 1042 578 irrogaretur
1064 494 1128 562 civi
1149 499 1261 562 eontra
1281 496 1368 579 leges

260 593 361 661 civem
383 593 545 659 mulierem
567 593 798 677 despondente*
841 594 923 661 Tum
944 594 1074 662 offendit
1094 595 1147 662 uir
1167 595 1366 662 doctissimus

259 694 293 759 in
316 693 447 760 vecibus
480 693 525 770 οἷς
545 692 659 768 ἔξεστιν
693 698 726 760 el
754 695 918 761 contendit
944 695 1143 762 scribendum
1175 695 1274 762 fuisse
1307 700 1366 760 τῶν

263 793 460 878 βουλομένων
482 792 529 863 οἷς
548 791 669 867 ἔξεστιν.
709 792 760 860 At
780 794 998 861 Athenienses
1018 795 1052 860 in
1077 794 1128 861 his
1156 795 1366 863 locutionibus

260 913 322 960 non
344 893 393 959 ita
414 893 555 978 religiosi
577 901 684 975 erant;
706 894 833 977 saepius
855 895 937 961 enim
959 896 1117 979 reperitur
1139 899 1156 959 ὁ
1172 896 1366 979 βουλόμενος,

260 993 315 1059 ubi
336 994 516 1061 accuratius
531 993 695 1060 dicendum
711 1001 782 1061 erat
803 997 820 1058 ο
841 996 1032 1081 βουλόμενος
1050 992 1079 1081 ᾦ
1099 995 1237 1072 ἔξεστιν.2
1278 995 1369 1080 Quae

261 1111 333 1159 eum
355 1094 402 1160 iia
424 1095 497 1176 sint,
519 1093 596 1159 mihi
610 1094 737 1161 videtur
757 1095 837 1160 nihil
860 1115 940 1178 esse,
952 1115 1013 1177 quo
1036 1096 1245 1177 offendamur3
1265 1115 1367 1177 neque

260 1194 342 1260 enim
370 1194 404 1260 id
431 1194 593 1261 offensioni
622 1214 692 1261 esse
721 1201 841 1278 potest,
872 1197 954 1277 quod
980 1197 1066 1262 nullu
1095 1196 1158 1263 aliu
1187 1197 1256 1261 lucu
1288 1198 1367 1262 hinec

257 1296 311 1360 lex
331 1296 482 1361 laudatur

341 1596 390 1662 Ut
410 1598 517 1660 autem
548 1595 700 1679 i01unula,
727 1595 856 1675 deque
885 1593 977 1659 modu
1007 1592 1256 1675 disputavimus,
1278 1594 1365 1661 nullu

258 1695 321 1761 aliu
342 1695 410 1761 lucu
431 1694 492 1761 nisi
513 1695 546 1761 in
567 1697 629 1763 hae
657 1695 800 1761 aratione
827 1699 952 1775 exstat,
978 1693 1027 1758 ita
1053 1694 1133 1759 haee
1162 1712 1285 1775 qunque
1312 1695 1365 1760 lex

257 1815 320 1862 non
341 1795 403 1861 nisi
423 1796 456 1862 in
479 1795 632 1862 orationis
654 1794 674 1879 ξ
699 1796 759 1859 115
779 1793 950 1876 reperitur:

388 1911 521 1976 Ἐπειδὰν
560 1912 596 1976 δὲ
636 1911 689 2000 ἕλῃ
723 1913 774 1974 τὸν
803 1910 929 1994 μοιχόν,
965 1913 1009 1999 μὴ
1049 1911 1160 1985 ἐξέστω
1195 1915 1239 1997 τῷ
1269 1912 1365 1976 ἑλόντι

385 2016 530 2076 συνοικεῖν
553 2014 591 2099 τῇ
615 2010 739 2095 nannai·
762 2010 873 2074 ἐὰνδὲ
899 2013 1029 2097 συνοικῇ,
1052 2010 1158 2095 ἄτιμος
1177 2010 1264 2075 ἔστω.
1284 2012 1366 2100 μῃτλὲ

386 2114 422 2199 πῃ
450 2113 560 2195 γυναικὶ
582 2111 693 2186 ἐξέστω
714 2110 836 2175 εἰσιέναι
858 2111 903 2180 εἷς
923 2111 959 2174 τὰ
981 2112 1049 2195 ἱερὰ
1072 2112 1107 2174 τὰ
1129 2113 1293 2200 ὃῃμοτελῃ,
1316 2111 1363 2198 ἐφ’

385 2207 464 2300 ῇᾶν
483 2216 595 2298 μοιχὸς
613 2214 692 2297 ἁλῷ·
737 2212 790 2274 ἐὰν
816 2211 852 2274 δὲ
880 2209 971 2300 εἰσίῃ,
1001 2214 1133 2298 νῃποινεὶ
1154 2212 1297 2297 πασχέτω
1319 2215 1365 2276 ὅτι

383 2313 420 2377 ἂν
443 2315 554 2402 πάσχῃ,
577 2314 653 2402 πλὴν
676 2312 817 2376 θανάτου.

341 2449 440 2513 Hane
460 2447 563 2529 legem
583 2466 646 2511 non
669 2463 739 2510 esse
758 2443 935 2527 integram,
963 2463 1034 2510 eum
1063 2464 1103 2511 ex
1124 2465 1203 2513 uoce
1223 2446 1276 2521 δέ,
1299 2454 1365 2513 tum

258 2568 298 2614 ex
320 2548 365 2614 eis
386 2551 536 2628 apparet,
559 2564 641 2627 quae
660 2543 862 2610 Aeschinen
890 2545 929 2610 de
956 2546 1030 2627 lege
1049 2547 1230 2613 adulteuiua
1257 2546 1360 2614 affert.

258 2648 350 2733 Quod
370 2653 478 2714 autem
500 2665 531 2713 ν.
554 2647 584 2711 d.
606 2645 723 2711 Euius*
744 2644 913 2710 iurmulam
935 2645 968 2710 in
997 2646 1125 2713 dubium
1146 2653 1259 2728 vocat,
1284 2647 1366 2729 quud

256 2749 345 2815 nulla
374 2749 465 2832 justa
490 2767 588 2814 causa
614 2746 727 2828 inerit,
754 2764 812 2811 cur
839 2752 948 2812 oratur
972 2747 1057 2813 hane
1084 2749 1187 2831 legem
1230 2748 1365 2814 orationi

258 2868 335 2915 suae
356 2849 521 2928 insereret,
543 2849 602 2914 hou
623 2845 700 2912 mini
714 2845 842 2912 videtur
862 2864 925 2911 nun
947 2853 1034 2912 recte
1047 2846 1171 2929 iaeere;
1192 2867 1267 2914 naun
1281 2849 1366 2914 inter

259 2968 368 3015 omnes
390 2953 518 3014 cunstat
539 2952 681 3013 oratores
702 2946 819 3013 altinus
848 2946 1034 3029 saepissime
1062 2948 1150 3032 leges
1171 2949 1301 3031 afferre,
1329 2954 1366 3014 111

149 3078 150 3081 “
258 3068 366 3114 earum
386 3048 503 3114 notitia
524 3047 713 3131 glunentur,
745 3065 848 3127 neque
880 3046 1007 3112 etiamsi
1038 3048 1097 3114 hae
1129 3049 1197 3115 luuu
1229 3049 1366 3115 iurmula

257 3168 319 3214 nun
343 3154 428 3214 esset
449 3154 549 3232 apta,
570 3149 633 3214 hae
654 3167 693 3213 ex
714 3166 751 3212 re
768 3147 841 3229 jure
862 3146 1006 3213 concludi
1034 3153 1143 3230 posset
1167 3150 1269 3232 legem
1296 3167 1365 3214 esse

256 3248 374 3314 fialam.
417 3250 519 3315 Immo
542 3267 612 3315 uum
633 3247 760 3314 uideam
788 3247 821 3312 in
849 3253 1039 3330 argumento
1061 3248 1133 3331 jure
1162 3248 1276 3313 offendi
1300 3264 1362 3311 non

257 3367 350 3430 pesse
376 3367 478 3428 neque
498 3349 605 3416 verbis
643 3346 779 3414 uratuuis
814 3348 917 3430 legem
946 3366 1142 3429 repugnare,
1169 3365 1237 3411 eam
1270 3361 1364 3430 passe

258 3448 383 3529 quidem
411 3448 580 3531 genuinam
614 3467 684 3515 esse
713 3465 898 3530 persuasum
926 3447 1042 3529 habeo,
1066 3464 1253 3528 quamquam
1275 3443 1362 3509 nullu

257 3548 321 3614 aliu
341 3548 411 3614 loco
433 3547 660 3615 confirmatur.b

344 3717 351 3746 ¹
373 3714 407 3768 ef.
424 3714 562 3768 Demosth.
581 3719 649 3768 urat.
666 3716 700 3768 25
716 3713 733 3783 ἕ
750 3715 791 3768 116.

340 3800 350 3828 ²
369 3797 403 3852 ei.
421 3798 512 3866 Meier,
531 3799 563 3853 de
581 3798 709 3853 diaetetis
725 3815 751 3867 p.
769 3800 793 3853 1.

341 3883 351 3914 ¹
369 3881 401 3936 ef.
419 3882 527 3950 Reiska
546 3886 614 3937 orat.
632 3887 682 3937 att.
700 3882 754 3936 vul.
772 3882 788 3936 3
806 3900 831 3952 p.
850 3882 900 3936 176
918 3894 956 3945 sq.
975 3883 1004 3933 et
1020 3894 1045 3946 p.
1064 3879 1096 3932 41
1115 3882 1144 3933 et
1161 3879 1202 3933 55.

342 3969 353 3997 4

340 3965 445 4116 ‘guali
458 3965 611 4104 lFrlgunnguus
633 4048 661 4104 in
677 4048 745 4103 aliar.
763 4047 833 4102 stud.
851 4051 908 4102 aut.
927 4046 1036 4101 111814
1057 4062 1082 4115 p.
1101 4047 1151 4101 742
1175 4044 1286 4115 objecit,
1311 4045 1362 4098 hoc

256 4133 322 4188 mihi
339 4132 407 4188 nihil
424 4134 514 4188 ualere
532 4133 647 4188 videtur.
