3234 4834
689 1044 948 1143 Vita.

353 1207 462 1273 Natus
490 1226 558 1271 sum
592 1206 671 1272 Otto
704 1207 841 1273 Staeker
872 1205 1179 1290 Quedlinburgensis
1206 1206 1257 1271 die
1279 1206 1374 1271 VHl.

270 1305 388 1371 mensis
409 1306 502 1372 Iunii
523 1326 553 1372 a.
575 1308 606 1371 h.
629 1325 655 1372 s
677 1306 811 1372 LXIII.
838 1307 998 1372 Parentes
1023 1324 1157 1371 veneror
1185 1306 1375 1386 superstites

270 1410 395 1486 patrem
418 1405 622 1489 Guilelmum
635 1412 780 1472 'matrem
802 1406 950 1472 Minnam
972 1425 990 1471 e
1015 1411 1111 1488 gente
1139 1406 1238 1473 Stein.
1282 1405 1376 1472 Fidei

271 1506 416 1572 addimus
438 1526 507 1571 sum
531 1507 743 1588 evangelicae.
786 1507 905 1572 Primis
925 1507 1107 1572 litterarum
1135 1508 1299 1573 elementis
1319 1507 1375 1571 im-

270 1607 366 1671 butus
380 1607 505 1687 patriae
520 1627 610 1672 meae
624 1608 823 1689 gymnasium
845 1627 899 1688 per
916 1627 1029 1673 novem
1046 1627 1147 1673 anuos
1163 1608 1376 1688 frequentavi.

271 1707 358 1772 Vere
384 1725 414 1770 a.
442 1708 471 1771 h.
502 1725 526 1770 s.
556 1707 728 1771 LXXXI.
756 1707 954 1772 maturitatis
982 1706 1163 1773 testimonio
1192 1707 1376 1779 instructus,

272 1809 308 1870 ut
336 1804 450 1870 studiis
484 1805 683 1888 philologieis
714 1813 747 1872 et
778 1807 948 1872 theodiscis
982 1826 1110 1889 operam
1142 1808 1260 1890 darem,
1293 1807 1378 1889 apud

272 1907 460 1972 facultatem
503 1907 752 1989 philosophicam
795 1908 1015 1974 universitatis
1050 1907 1227 1988 Lipsiensis
1264 1926 1377 1973 nomeu

272 2007 434 2088 professus
462 2027 540 2073 sum.
591 2009 789 2089 insequentis
818 2009 895 2075 anni
915 2028 992 2076 vere
1018 2008 1203 2074 Berolinum
1231 2008 1378 2073 transmi-

273 2108 382 2190 grari,
402 2113 434 2173 et
456 2126 526 2172 cum
555 2107 601 2172 ibi
632 2107 679 2173 bis
707 2127 763 2172 sex
792 2127 916 2173 menses
943 2113 1084 2173 moratus
1107 2126 1224 2190 essem,
1248 2107 1377 2190 accessi,

273 2210 309 2271 ut
331 2207 437 2272 studia
459 2225 530 2271 mea
544 2225 750 2287 persequerer
764 2212 797 2273 et
811 2209 1020 2289 absolverem,
1035 2206 1077 2270 ad
1091 2206 1223 2272 Almam
1237 2208 1379 2273 Matrem

276 2307 456 2372 Haleusem.
500 2306 611 2387 Atque
633 2307 794 2373 seminarii
816 2308 1045 2390 philologorum
1066 2308 1223 2373 Halensis
1244 2328 1301 2389 per
1319 2309 1380 2374 duo

275 2407 442 2473 semestria
464 2408 583 2473 sodalis
604 2408 651 2473 fui
673 2408 860 2491 ordinarius
883 2429 953 2475 cum
967 2410 1036 2492 jam
1050 2414 1147 2475 antea
1160 2409 1381 2490 proseminarii

275 2506 452 2587 Lipsiensis
483 2508 763 2574 exercitationibus
795 2509 1021 2576 interfuissem.
1064 2509 1169 2576 Utin
1196 2511 1381 2576 societatem

275 2606 497 2690 philologicam
518 2608 677 2689 reciperer
697 2608 798 2675 Keilii
819 2609 1017 2691 benignitate
1031 2609 1108 2674 mihi
1122 2609 1269 2693 contigit3
1292 2628 1382 2691 prae

275 2713 365 2774 terea
397 2709 524 2774 Zacher
556 2710 598 2775 ad
630 2710 833 2776 seminarium
865 2712 1061 2777 theodiscum
1089 2730 1140 2776 me
1171 2711 1313 2793 admisit,
1347 2715 1383 2775 ut

278 2808 559 2874 exercitationibus
581 2810 646 2875 suis
674 2809 862 2876 interessem
888 2811 1115 2893 philosophicis
1142 2813 1270 2894 Haym,
1296 2813 1383 2876 theo-

278 2907 374 2973 discis
411 2907 536 2990 Geriug
570 2909 706 2991 benigne
739 2917 970 2976 concesserunt.
1030 2911 1157 2992 Septies
1188 2916 1295 2977 autem
1328 2931 1384 2977 sex

277 3008 438 3074 mensibus
460 3008 585 3073 scholas
600 3009 708 3074 arrdivi
721 3011 861 3075 virorum
882 3010 1178 3094 illustrissimorum,
1201 3012 1271 3092 prii.
1287 3012 1384 3076 doctt.

279 3107 515 3189 Biedermanni,
553 3107 685 3191 Georgii
722 3109 867 3189 Curtius,
903 3109 1048 3193 Heinzii,
1084 3110 1234 3193 Hirzelii,
1270 3111 1383 3193 Lipsii,

278 3207 393 3289 Masii,
426 3208 612 3291 Ribbeckii,
641 3208 796 3291 Seydelii,
826 3210 979 3274 Zarnckii
1006 3210 1233 3292 Lipsiensium3
1258 3211 1385 3290 Dielsii‚

278 3307 489 3390 Kirchhoffii,
533 3307 780 3391 Muellenhoifii‚
816 3310 967 3392 Roberti,
1006 3310 1192 3394 Roedigeri,
1229 3312 1386 3394 Schereri,

278 3408 423 3477 Vahleni
436 3408 705 3490 BeroHneusium3
727 3410 979 3494 Dittenbergeri,
1001 3410 1207 3493 Duemmlen',
1230 3411 1386 3496 Geriugii,

277 3508 429 3589 Haymii‚
462 3508 599 3592 Hilleri,
631 3510 748 3593 Keilii,
783 3511 920 3576 Zacheri
941 3510 1142 3576 Halensium.

361 3607 427 3672 His
441 3607 521 3677 viris
543 3610 696 3691 omnibus,
718 3616 756 3676 ut
770 3611 899 3693 egregia
921 3618 996 3677 sunt
1011 3631 1117 3677 eorum
1135 3612 1176 3677 de
1189 3632 1240 3679 me
1260 3614 1386 3696 merita,

277 3708 416 3789 gratiam
445 3709 566 3791 habeo,
589 3710 794 3791 praecipuam
816 3730 891 3776 vero
912 3711 968 3792 iis,
998 3712 1052 3792 qui
1079 3712 1113 3777 in
1140 3713 1308 3780 seminario
1330 3722 1388 3781 aut

278 3807 417 3888 privatis
445 3807 727 3875 exercitationibus
755 3810 807 3874 vel
836 3809 974 3875 consiliis
1003 3810 1109 3876 studia
1137 3830 1209 3878 mea
1236 3812 1387 3879 foverunt

281 3912 378 3988 atque
399 3908 602 3991 adjuverunt.
