3234 4834
759 262 799 322 41

316 461 429 541 Neque
451 477 529 525 vero
552 477 592 525 ex
615 463 711 541 parte
736 457 830 524 modo
851 457 1101 539 interpolatum,
1123 456 1181 522 sed
1203 473 1337 538 prorsus

233 559 442 627 subditieium
464 564 563 641 atque
585 558 823 642 posterioribus
846 559 972 624 demum
1001 556 1202 641 temporibus
1229 576 1249 621 a
1278 555 1338 621 fal·

233 660 322 726 sario
351 679 393 726 ex
422 659 580 726 orationis
602 659 713 726 uerbis
743 657 955 742 compositum
982 677 1053 724 esse
1081 657 1213 724 videtur
1244 655 1338 723 testi-

234 762 386 844 monium,
409 759 494 841 quod
517 763 629 826 exstat
649 758 684 825 in
706 757 725 844 ξ
746 759 801 824 45;
1132 767 1136 772 ·

360 875 509 963 Χιωνίδης
523 875 709 951 Ξυπεταιών,
733 873 888 939 Εὐθετίων
903 873 1134 961 Κυδαθηναιεὺς
1147 875 1338 958 μαρτυροῦσι

361 975 504 1066 κληθῆναι
537 976 595 1040 ὑπὸ
629 974 769 1060 Χαβρίου
802 974 850 1039 ἐπὶ
882 974 1015 1050 δεῖπνον,
1048 976 1100 1039 ὅτε
1138 975 1174 1038 τὰ
1216 971 1339 1037 ἐπινίκια

360 1076 452 1141 εἱστία
475 1074 616 1160 Χαβρίας
636 1081 691 1165 τῆς
721 1075 802 1164 νίκης
833 1079 885 1140 τοῦ
918 1076 1062 1161 ἅρματος,
1095 1077 1144 1140 καί
1175 1072 1339 1140 είστιᾶσθαι

362 1177 410 1240 ἐπὶ
446 1176 592 1251 Κωλιάδι,
628 1179 677 1240 καί
713 1176 824 1240 είδέναι
862 1175 1018 1261 Φρυνίωνα
1055 1177 1192 1261 παρόντα
1227 1174 1259 1238 ἐν
1297 1174 1341 1258 τῷ

360 1275 471 1361 δείπνῳ
506 1276 605 1360 τούτῳ
634 1273 743 1362 ἔχοντα
777 1276 910 1361 Νέαιραν
940 1278 992 1365 τὴν
1025 1278 1085 1340 νυνί
1112 1273 1340 1361 ἀγωνιζομένην,

359 1381 407 1443 καί
429 1376 589 1442 καθεύδειν
615 1382 697 1463 σρᾶς
722 1376 842 1453 αὐτοὺς
859 1379 907 1441 καί
937 1373 1094 1460 Φρυνίωνα
1121 1375 1170 1437 καί
1197 1371 1340 1456 Νέαιραν,

361 1482 409 1543 καί
440 1478 638 1544 αἰσθάνεσθαι
669 1478 755 1543 αδτοί
786 1475 1003 1560 ἀνισταμένους
1037 1479 1090 1563 τῆς
1127 1475 1234 1548 νυκτδς
1264 1474 1343 1555 πρὸς

361 1579 495 1664 Νέαιραν
527 1579 635 1656 ἄθλους
666 1601 699 1643 τε
730 1579 778 1642 καί
812 1581 871 1641 τῶν
903 1574 1051 1639 διακόνων
1084 1573 1172 1650 τινιίς,
1205 1572 1234 1636 οἳ
1265 1570 1341 1661 ἦσαν

364 1677 504 1764 Χαβρίου
527 1679 646 1743 οἰκέται.

322 1828 427 1912 Hujus
460 1828 640 1894 testimonii
670 1846 776 1895 sermo
808 1825 903 1893 nobis
937 1827 1119 1909 complures
1149 1821 1342 1890 offensiones

237 1928 390 2010 praebet:
425 1928 563 2010 primum
585 1928 714 2009 quidem
735 1927 874 1994 maxime
907 1925 1039 1993 dubitat
1060 1926 1342 2006 Weslermannus,

237 2047 314 2093 num
335 2027 410 2093 aliis
432 2028 512 2094 loois
533 2047 670 2110 usquam
685 2027 842 2110 seriptum
859 2026 904 2093 sit
925 2026 1049 2090 ἐπινίκια
1071 2027 1170 2088 ἑστιᾶν
1193 2028 1246 2111 τῆς
1266 2022 1345 2110 νίκης

239 2132 292 2192 τοῦ
328 2129 479 2212 ἅρματος,
515 2133 585 2194 tum
622 2128 798 2194 offenditur
834 2127 886 2193 vir
925 2124 1133 2192 doctissimus
1169 2125 1343 2192 verborum

239 2232 409 2295 structura
424 2227 584 2293 καθεύδειν
598 2234 680 2314 σφᾶς
692 2228 804 2305 αὐτοὺς
824 2233 859 2293 et
873 2224 1072 2291 αἰσθάνεσθαι
1087 2222 1182 2306 αὐτοί,
1204 2223 1344 2305 denique

239 2329 385 2412 quaerit,
409 2328 566 2411 quomodo
587 2328 660 2394 fieri
682 2327 803 2410 possit,
826 2335 864 2392 ut
885 2326 1031 2393 homines
1058 2324 1152 2391 simul
1180 2324 1344 2390 dormiant

239 2448 279 2495 ao
310 2435 421 2495 tamen
453 2447 507 2495 res
540 2430 725 2495 observent.
779 2427 863 2493 Mihi
895 2426 1024 2508 quidem
1055 2426 1119 2491 hae
1151 2422 1344 2491 offensiones

239 2532 369 2595 tantum
402 2529 514 2595 volere
545 2530 717 2611 videntur,
748 2532 787 2593 ut
819 2528 880 2592 hoo
911 2525 1134 2592 testimonium
1167 2544 1227 2607 pro
1259 2525 1344 2591 falso

240 2630 363 2695 habere
391 2648 456 2694 uon
479 2629 633 2695 dubitem.
688 2627 780 2711 Quod
813 2633 923 2693 autem
956 2627 1138 2707 complures
1160 2624 1225 2691 viri
1257 2625 1345 2690 dooti

239 2729 387 2795 ultimam
423 2730 633 2798 offensionem
669 2730 782 2795 tollere
819 2727 929 2794 eonati
959 2732 1052 2812 sunt,
1084 2726 1345 2808 interpretantes

240 2832 376 2896 verbum
397 2830 557 2895 καθεύδειν
580 2834 638 2894 aut
660 2829 805 2895 cubitum
836 2828 886 2894 ire
908 2832 966 2894 aut
996 2832 1205 2910 pernoctare,
1228 2845 1346 2894 vereor

240 2948 282 2994 ne
302 2930 384 2994 haee
405 2927 604 3011 significatio
625 2928 713 2993 nullo
736 2928 800 2993 alio
822 2927 893 2992 looo
914 2927 1114 3009 reperiatur.

324 3044 436 3124 Neque
458 3042 537 3108 mihi
558 3041 689 3125 obioias,
711 3048 749 3108 ut
771 3048 922 3108 oratores
941 3043 1062 3109 atticos
1089 3043 1122 3108 iu
1139 3043 1346 3110 conficiendis

242 3142 439 3215 testimoniis
473 3142 663 3226 plerumque
695 3141 819 3208 ordinis
849 3148 884 3208 et
912 3141 1106 3209 eruditionis
1135 3143 1268 3209 testium
1296 3164 1347 3210 ro-

245 3244 368 3311 tionem
392 3244 610 3328 habuissent,¹
641 3243 691 3309 ita
723 3244 785 3308 hoo
816 3243 887 3308 loco
912 3246 1076 3309 oratorem
1097 3243 1240 3311 fortasse
1264 3245 1347 3330 ideo,

242 3347 328 3428 quod
351 3350 455 3415 testes
476 3345 585 3411 infimo
607 3345 678 3411 loeo
699 3343 772 3411 nati
794 3349 914 3428 essent,
936 3344 1042 3409 minus
1058 3344 1205 3428 eleganti
1220 3345 1348 3413 dicendi

242 3445 370 3513 ratione
396 3466 489 3513 usum
518 3465 606 3526 esse;
633 3464 709 3512 nam
738 3464 934 3528 quamquam
960 3450 1065 3512 testes
1095 3445 1188 3512 nobis
1217 3446 1348 3515 aliunde

242 3546 312 3613 noti
333 3567 398 3613 non
419 3552 506 3631 sunt,
528 3550 639 3612 tamen
663 3565 703 3613 ex
725 3565 765 3613 ea
785 3566 833 3629 re,
855 3548 941 3628 quod
955 3545 1051 3612 amici
1067 3545 1229 3612 Chabriae
1249 3547 1348 3631 impe-

242 3646 387 3713 ratoris²
408 3655 499 3730 sunt,
534 3646 613 3713 mibi
641 3646 790 3713 ooneludi
818 3665 915 3729 posse
943 3645 1076 3713 videtur
1104 3646 1194 3729 ipsos
1222 3666 1349 3730 quoque

328 3854 337 3883 ¹
354 3852 389 3905 el.
407 3850 579 3917 Waohholtz,
594 3850 611 3903 l.
630 3850 647 3903 l.
664 3865 692 3916 p.
708 3849 748 3903 11.

326 3937 337 3966 ²
353 3934 432 3988 Hune
450 3933 593 3988 Chabriam
611 3948 669 3987 esse
686 3931 877 4003 imperatorem
894 3929 1040 3999 illustrem,
1065 3936 1180 3999 apparet
1206 3947 1239 3986 ex
1264 3929 1348 3986 titulo

244 4018 367 4157 quiedam,
385 4018 427 4156 οίὲ
438 4018 497 4072 0.1.
509 4017 542 4072 A.
555 4017 635 4072 vol.2
646 4015 689 4072 tit.
708 4017 770 4081 8043
788 4013 989 4083 Dittenberger,
1007 4013 1111 4083 sylloge
1122 4013 1243 4082 inscript.
1261 4028 1349 4087 graeo

243 4116 296 4156 vo.
315 4102 331 4154 2
348 4100 393 4156 tit.
428 4102 469 4156 51.
