3234 4834
791 259 868 373 54.

386 506 585 597 Ἱπποκράτης
612 507 678 573 εἴτε
703 509 875 577 Πλαταιέας
899 508 975 572 εἶναι
999 508 1170 597 Ἀθηναίους
1193 511 1253 572 ἀπὸ
1277 509 1367 598 τῆσδε

391 613 444 696 τῆς
470 608 600 695 ἡμέρας,
630 608 766 692 ἐντζιιοος
791 608 931 694 καθάπερ
959 611 986 671 οἱ
1014 609 1097 673 ἄλλοι
1130 609 1291 698 Ἀθηναῖοι,
1319 612 1367 674 καὶ

384 712 519 793 μετεῖναι
556 709 660 777 αὐτοῖς
685 708 789 793 ὧνπερ
818 707 979 796 Ἀθηναίοις
1001 711 1122 793 μέτεστι
1151 711 1286 784 πάντων,
1320 713 1367 773 καὶ

388 810 479 893 ἱερῶν
500 810 549 872 καὶ
570 807 669 884 ὁσίων,
685 810 759 897 πλὴν
781 806 813 873 εἴ
831 832 875 878 τις
894 811 1045 897 ἱερωσύνη
1065 810 1084 897 ᾖ
1108 810 1211 887 τελετή
1232 808 1311 872 ἐστιν
1334 811 1367 874 ἐκ

388 908 508 991 μένους,
527 908 608 997 μηδὲ
632 913 691 972 τῶν
713 908 800 972 ἐννέα
829 909 1004 993 ἀρχόντων,
1035 916 1097 978 τοῖς
1124 909 1152 973 d’
1180 909 1214 972 ἐκ
1243 910 1365 974 τούτων,

387 1012 563 1092 κατανεῖμαι
585 1009 620 1072 δὲ
644 1008 715 1078 τοὺς
736 1008 908 1079 Πλαταιέας
927 1010 972 1078 εἷς
998 1009 1070 1079 τοὺς
1096 1010 1213 1097 δήμους
1236 1012 1285 1074 καὶ
1315 1011 1369 1079 τὰς

389 1109 491 1194 φολιίς,
525 1108 646 1172 ἐπειδὰν
679 1108 714 1172 δὲ
744 1107 912 1196 νεμηθῶσι,
931 1109 977 1196 μη
1009 1109 1121 1183 ἐξέστω
1155 1107 1197 1173 ἔτι
1224 1108 1365 1198 Ἀθηναίῳ

385 1209 493 1295 ρηιλενλ
523 1207 671 1290 μἠνεσιλαι
705 1208 898 1283 Πλαταιέων,
927 1210 972 1296 μὴ
1004 1209 1163 1295 εὑρομένῳ
1196 1210 1280 1295 παρὰ
1314 1215 1366 1275 τοῦ

388 1308 485 1396 δῆμον
508 1313 561 1372 τοῦ
583 1307 750 1397 Ἀθηναίων.

346 1435 397 1499 De
424 1433 520 1517 hujus
548 1432 707 1500 formulae
733 1432 935 1500 anctoritate
968 1453 1044 1499 num
1072 1440 1162 1500 certo
1196 1435 1367 1520 dijudicari

263 1533 369 1615 possit
382 1532 521 1598 maxime
537 1532 661 1615 dubito,
684 1552 755 1599 cum
777 1535 839 1600 hoc
860 1534 1090 1616 populiscitum
1112 1535 1200 1600 nullo
1219 1536 1282 1602 alio
1297 1538 1366 1603 loco

263 1632 426 1699 laudetur.
484 1635 595 1714 Atque
623 1635 686 1701 hac
713 1635 841 1717 quidem
870 1635 1011 1701 formula
1044 1654 1107 1700 non
1136 1641 1241 1703 totum
1269 1655 1367 1718 popu·

261 1733 402 1798 liscitum
430 1733 592 1800 contineri
620 1753 691 1800 cum
719 1753 779 1816 per
807 1754 843 1802 se
865 1734 1042 1801 verisimile
1064 1744 1132 1816 est,
1159 1741 1229 1801 tum
1257 1756 1298 1802 ex
1325 1736 1366 1803 iis

262 1841 418 1917 apparet,
446 1853 530 1916 quae
559 1840 672 1901 orator
700 1835 885 1917 explicandi
915 1854 1014 1902 causa
1043 1836 1179 1902 addidit.
1222 1837 1367 1902 Possunt

263 1940 373 2000 autern
406 1935 532 2001 tradita
560 1937 663 2001 verba
693 1935 789 2001 initio
818 1934 1008 2018 populisciti
1040 1936 1165 2019 scripta
1198 1937 1301 2003 fuisse
1333 1942 1367 2003 et

263 2053 341 2101 casu
362 2036 536 2118 nescioquo
559 2036 666 2102 altera
687 2057 782 2120 pars,
804 2036 838 2103 in
866 2055 931 2119 qua
953 2056 1023 2103 oum
1052 2038 1092 2103 de
1119 2037 1192 2104 aliis
1222 2037 1367 2105 fortasse

262 2141 331 2202 tum
352 2137 392 2202 de
415 2137 564 2203 examine
585 2136 855 2219 recipiendorum,
879 2138 919 2202 de
941 2136 1181 2219 perscriptione
1203 2136 1366 2203 nominum

263 2237 368 2317 deque
390 2236 527 2303 civitate
549 2238 689 2303 filiorum
712 2238 951 2319 disserebatur,
974 2255 1133 2318 quamque
1158 2237 1264 2319 ipsam
1292 2257 1367 2320 quo

263 2356 325 2421 qne
347 2342 511 2403 oratorem
533 2338 600 2419 legi
617 2336 755 2421 jussisse
776 2356 969 2419 persuasum
991 2338 1113 2418 habeo,
1139 2343 1257 2418 postea
1284 2337 1367 2403 exci-

262 2438 359 2504 disse.
414 2437 473 2503 Oui
497 2437 684 2503 sententiae
708 2457 774 2503 non
803 2447 980 2522 repugnat,
1014 2437 1099 2519 quod
1137 2437 1259 2503 nomini
1287 2440 1365 2522 ejus

263 2539 318 2619 qui
349 2538 456 2621 legem
488 2540 626 2621 tulerat,
656 2538 786 2605 nomina
820 2539 926 2619 patris
959 2544 1018 2604 aut
1045 2536 1126 2622 pagi
1159 2537 1275 2604 addita
1301 2557 1366 2604 non

262 2643 357 2717 sunt3
378 2657 454 2703 narn
475 2637 509 2703 in
532 2639 578 2705 eis
602 2639 754 2721 decretio,
778 2657 863 2720 quae
885 2645 964 2704 ante
986 2657 1105 2704 annum
1120 2657 1149 2703 a.
1166 2640 1240 2706 Chr.
1258 2659 1288 2705 n.
1304 2640 1366 2705 353

263 2738 413 2804 confecta
434 2745 520 2822 sunt,
543 2758 701 2819 nusquam
724 2739 805 2803 haec
826 2739 957 2803 nomina
978 2739 1154 2806 adduntur.
1196 2741 1309 2821 Neque
1328 2757 1365 2805 eo

263 2839 454 2922 offendariS,
483 2840 569 2922 quod
603 2838 733 2905 nomina
765 2838 949 2921 archontis,
978 2839 1099 2922 tribua,
1129 2841 1273 2924 scribae,
1301 2838 1367 2906 diei

262 2958 326 3004 nou
349 2945 497 3021 exstant,
520 2959 595 3004 nam
617 2940 699 3005 haec
720 2937 851 3004 nomina
873 2939 971 3005 facile
989 2940 1057 3023 Jam
1080 2946 1192 3006 orator
1214 2939 1367 3006 omittere

262 3040 379 3122 potuit,
402 3060 472 3106 cum
495 3039 601 3105 omnia
623 3059 815 3106 enumerare
837 3039 966 3105 minime
989 3060 1006 3106 e
1027 3060 1065 3105 re
1086 3059 1146 3106 sua
1167 3046 1264 3106 esset.

345 3141 458 3207 Verba
480 3148 588 3207 autem
617 3140 778 3206 formulae
807 3144 842 3204 et
863 3140 967 3204 verba
995 3141 1137 3206 oratoris
1166 3141 1207 3206 ad
1236 3140 1366 3206 easdem

262 3257 316 3304 res
338 3238 540 3320 pertinentia
563 3238 684 3320 optime
707 3239 796 3305 inter
819 3259 854 3305 se
876 3238 1082 3322 conveniunt,
1105 3257 1209 3320 neque
1231 3239 1367 3304 multum

262 3339 367 3420 valet,
402 3340 487 3419 quod
519 3345 633 3405 orator
666 3337 746 3403 dicit
775 3339 990 3404 Plataeenses
1018 3339 1172 3426 μηδεμιᾶς
1201 3339 1370 3427 ἱερωσύνης

259 3437 413 3521 μετέχειν,
443 3458 513 3505 uun]
546 3439 580 3504 in
609 3439 750 3504 formula
782 3439 930 3520 legamus
960 3442 1095 3521 μετεῖναι
1122 3440 1171 3501 καὶ
1198 3439 1290 3522 ἱερῶν
1319 3441 1367 3501 καὶ

261 3536 360 3611 ὁσίων,
383 3539 456 3625 πλὴν
472 3536 557 3606 εἴτις
575 3539 726 3626 ἱερωσύνη
741 3538 759 3626 ἦ
777 3538 880 3627 τελετη
902 3539 980 3601 ἐστιν
995 3536 1028 3600 ἐκ
1048 3536 1166 3618 γένους
1189 3556 1262 3602 cum
1281 3538 1363 3603 enin]

262 3637 360 3719 longe
382 3638 523 3719 plurima
544 3637 732 3704 sacerdotia
753 3637 940 3704 hereditate
961 3637 1052 3702 intra
1073 3642 1206 3720 genteS,
1228 3637 1263 3702 in
1285 3656 1366 3719 quas

263 3735 392 3816 quidem
408 3738 620 3804 Plataeenses
635 3757 699 3803 non
715 3738 970 3821 recipiebantur,
993 3739 1140 3804 traditae
1155 3738 1232 3819 sint,
1254 3741 1367 3802 orator

262 3856 326 3902 non
356 3857 491 3919 prorsus
520 3842 674 3904 accurate
703 3840 917 3904 Plataeenses
943 3838 1083 3904 omnium
1110 3837 1367 3903 sacerdotiorum

263 3944 416 4019 expertes
439 3958 512 4005 esse
533 3938 623 4003 dicit.

346 4038 438 4120 Quae
471 4057 542 4105 oum
571 4038 620 4103 ita
652 4037 734 4119 siut,
766 4038 832 4104 uisi
864 4036 1079 4122 gravissimas
1108 4055 1224 4104 causas
1252 4042 1368 4103 contra

262 4136 422 4205 formulae
444 4138 590 4205 traditae
612 4135 846 4204 auctoritatem
867 4137 1035 4219 proferes,
1057 4135 1137 4201 mihi
1162 4137 1244 4203 haec
1265 4138 1368 4203 verba
