3234 4834
767 325 807 397 19

240 537 295 619 qni
317 542 351 604 et
372 518 437 620 ipsi
459 534 578 623 ποιητοί
597 535 812 616 uocabantur,
834 529 1057 615 transtulisse,
1079 529 1165 611 quud
1184 529 1247 595 huc
1268 546 1287 594 e
1307 542 1344 593 re

240 657 301 705 sua
323 641 421 704 esset.
1097 668 1100 671 ι

324 737 417 821 Quod
448 735 628 803 artificium
658 752 730 802 cum
761 753 827 801 non
860 734 1096 818 perspicerent,
1129 730 1260 816 plurimi
1281 728 1347 796 uiri

241 838 329 904 docti
351 836 569 920 superducti
590 841 685 921 suut,
707 841 745 902 ut
766 835 852 902 falsu
874 839 1047 901 censerent
1073 833 1181 916 legem
1208 851 1280 898 esse
1307 832 1346 896 de

241 936 368 1005 civibus
389 938 567 1020 adscriptis
589 942 690 1019 atque
722 936 823 1003 etiam
855 935 1027 1002 formulam
1059 933 1229 1016 traditam,
1262 951 1346 1013 quae

240 1042 352 1118 petest
374 1041 465 1103 certe
487 1036 632 1119 genuina
653 1056 725 1103 esse
746 1074 789 1085 -
808 1055 885 1102 nam
907 1033 1100 1102 firmissimis
1121 1032 1250 1098 indiciis
1273 1050 1347 1097 auc·

241 1137 362 1203 toritas
394 1155 571 1220 paucorum
599 1138 693 1203 modu
720 1156 761 1202 ex
788 1136 900 1202 bisin
927 1135 1092 1202 orationes
1117 1133 1252 1199 insertis
1277 1131 1347 1197 litis

241 1237 472 1306 instrumentis
493 1237 628 1320 probari
649 1242 762 1320 potest
785 1274 817 1284 -
844 1236 1048 1319 suppositam
1069 1238 1228 1318 putarent

327 1505 393 1572 Sed
414 1508 512 1591 hujus
534 1505 627 1590 legis,
650 1525 715 1587 qua
736 1504 826 1588 patri
847 1503 1059 1571 interdictum
1070 1507 1153 1586 erat,
1174 1521 1216 1568 ne
1238 1520 1349 1583 super·

244 1605 380 1672 stilibus
402 1607 479 1673 filiis
501 1607 654 1691 genuinis
676 1611 910 1672 testamentum
931 1606 1058 1671 faceret
1090 1623 1172 1670 neve
1193 1601 1268 1668 aliis
1290 1619 1350 1666 sna

243 1707 384 1790 legaret,
406 1726 476 1775 uua
497 1706 625 1789 quidem
649 1707 730 1772 data
752 1711 827 1773 erat
849 1707 1012 1790 exceptio:
1036 1707 1076 1771 de
1097 1706 1160 1770 lrac
1181 1708 1291 1768 autem
1313 1718 1350 1764 re

181 1791 184 1796 ’
247 1807 405 1874 certiores
426 1808 509 1873 facti
531 1827 643 1874 snmus
665 1808 820 1892 formula,
854 1825 950 1888 quam
971 1805 1067 1889 hujus
1090 1802 1248 1871 arationis
1270 1802 1289 1883 ξ
1310 1801 1349 1865 31

244 1889 404 1974 iusertam
425 1909 585 1979 videmus.
628 1911 738 1990 Atque
758 1908 842 1975 haec
863 1913 940 1973 suut
961 1908 1064 1973 verba
1085 1905 1187 1989 legis:

366 2022 423 2089 Ὅτι
459 2026 496 2090 ἂν
530 2025 655 2116 γνησίων
685 2025 780 2090 ὄντων
821 2027 892 2090 υἱῶν
925 2028 942 2088 ri
976 2026 1076 2112 πατὴρ
1105 2023 1259 2111 διαθῆται,
1298 2022 1351 2086 ἐὰν

370 2126 563 2192 ἀποθάνωσιν
578 2128 605 2190 oi
621 2129 693 2204 υἱεῖς
706 2129 774 2212 πρὶν
797 2127 844 2190 ἐπὶ
866 2125 962 2202 darec
980 2125 1070 2212 ἡβᾶν,
1092 2126 1145 2212 τὴν
1165 2127 1218 2187 τοῦ
1238 2123 1355 2205 πατρὸς

370 2227 517 2316 διαθήκην
538 2227 643 2314 κυρίαν
665 2228 748 2293 εἶναι.

331 2359 423 2443 Quae
443 2365 548 2429 verba
569 2362 716 2447 plerique
737 2361 802 2428 viri
830 2359 939 2426 ducti¹
963 2359 1014 2425 ita
1042 2358 1286 2441 intellexerunt,
1316 2363 1353 2423 ut

246 2461 485 2545 conjungerent
506 2460 645 2528 mediam
667 2467 797 2545 partem
819 2481 890 2528 cnm
911 2461 1027 2527 ultima
1049 2466 1148 2541 atque
1177 2461 1238 2525 hcc
1260 2459 1353 2523 modu

247 2566 434 2630 uerterent:
458 2564 565 2648 „quud
586 2563 821 2646 superstitibus
842 2562 916 2628 filiis
938 2560 1097 2645 legitimis
1118 2566 1216 2643 pater
1236 2559 1355 2625 fecerit

250 2667 497 2746 testamentum,
519 2663 553 2728 id
575 2668 645 2729 tum
666 2664 792 2729 demum
806 2667 916 2728 ratum
931 2666 1007 2743 estu,
1030 2661 1059 2726 si
1073 2660 1133 2726 fllii
1146 2666 1225 2726 aute
1238 2661 1355 2742 puber-

250 2765 356 2826 tatem
377 2762 611 2829 decesserint.“
653 2765 701 2829 At
722 2764 751 2829 si
780 2761 840 2829 filii
864 2760 1005 2845 legitimi
1028 2758 1225 2844 superst'tes
1251 2767 1354 2842 eraut,

246 2876 527 2940 supervacaneum
539 2865 613 2927 erat
627 2864 728 2942 atque
742 2862 838 2928 Isaeo
850 2865 861 2897 ²
882 2868 1017 2929 auctare
1033 2881 1075 2928 ne
1090 2861 1212 2928 licebat
1226 2862 1354 2942 quidem

249 2959 483 3025 testamentum
506 2960 634 3041 facere,
656 2978 718 3040 qno
741 2961 799 3026 filii
821 2962 959 3028 heredes
980 2962 1249 3030 instituebantur.
1293 2963 1355 3027 Va-

247 3056 363 3122 cabulo
385 3057 491 3141 igitur
514 3059 569 3141 da,
604 3077 676 3124 curn
709 3059 786 3124 filiis
818 3060 976 3143 legitimis
1008 3063 1242 3147 superstitibus
1274 3064 1355 3130 alius

247 3156 385 3222 heredes
419 3156 597 3223 instituere
630 3176 696 3223 nun
729 3158 870 3243 licuerit,
905 3161 1015 3227 nullae
1050 3163 1115 3230 nisi
1150 3166 1190 3230 de
1224 3164 1357 3247 legatis

247 3274 418 3323 servorum
440 3257 750 3325 manumissionibus
771 3260 912 3343 aliisque
934 3262 1090 3345 ejusmodi
1112 3267 1210 3333 rebus
1239 3267 1357 3333 consti·

247 3356 391 3424 tntiunes
414 3357 566 3444 intellegi
581 3365 747 3443 possunt..
775 3360 872 3426 Talia
894 3366 1005 3428 autem
1027 3370 1207 3449 praecepta
1227 3368 1357 3434 minime

248 3457 413 3538 quadrant
435 3457 477 3523 ad
501 3476 541 3525 ea
563 3477 647 3545 quae
668 3465 860 3543 sequuntur,
882 3481 958 3528 nam
979 3483 1044 3530 nun
1067 3464 1197 3550 dicitnr,
1217 3467 1295 3550 quid
1317 3469 1357 3535 de

248 3575 285 3622 re
306 3556 464 3624 familiari
486 3557 561 3640 ipsa
581 3558 642 3626 flat
670 3565 906 3642 postmortem
928 3564 1077 3631 tiliorum.
1134 3567 1244 3650 Quare
1264 3589 1358 3653 prae-

248 3654 386 3721 ferenda
408 3660 461 3722 est
482 3657 591 3724 altera
612 3660 840 3745 constructi0,³
868 3682 933 3744 qua
954 3667 1061 3732 media
1088 3686 1168 3749 pars
1197 3669 1358 3736 formulae

249 3756 460 3840 conjungitur
481 3776 553 3824 cum
579 3758 691 3843 prima
718 3766 752 3828 et
781 3761 824 3827 ad
851 3765 987 3830 verbnm
1016 3765 1156 3855 διαθῆται
1185 3770 1358 3852 suppletur

250 3853 387 3939 ἔσεσθαις
408 3854 459 3923 ita
479 3863 518 3924 ut
539 3861 600 3925 huc
621 3859 666 3927 sit
688 3869 932 3946 argumentum:
966 3864 1151 3949 „Quidquid
1174 3874 1271 3951 pater
1289 3871 1357 3953 jam

334 4026 342 4054 ¹
361 4022 396 4077 cf.
413 4022 493 4079 Blass
510 4026 528 4083 l.
545 4026 563 4080 l.
581 4044 606 4096 p.
624 4027 689 4093 474·‚
712 4045 766 4084 nan
784 4030 835 4084 deu
852 4030 890 4085 Es
908 4032 925 4086 l.
944 4031 961 4086 1.
979 4049 1004 4101 p.
1023 4034 1069 4096 863
1091 4033 1166 4088 (lans
1183 4034 1201 4088 l.
1219 4035 1236 4088 l.
1255 4053 1279 4105 p.
1300 4035 1358 4090 386.

334 4108 346 4138 ’
365 4106 400 4161 ci.
417 4108 489 4163 Isaei
509 4114 577 4165 orat.
596 4111 613 4164 6
633 4110 648 4177 Q
665 4111 706 4165 28.

335 4189 463 4246 ⁸n0uem
481 4193 559 4247 modu
578 4193 719 4249 Thalheim
737 4195 754 4250 l.
772 4196 789 4250 l.
807 4213 833 4265 p.
852 4199 884 4251 71
900 4199 983 4254 uerba
1001 4200 1165 4324 intellegit.2
