3234 4834
803 293 821 350 5

259 487 335 552 milri
350 506 386 552 eo
401 487 503 569 magis
518 487 598 552 mira
620 486 754 566 videtur,
781 488 863 566 quod
880 487 1004 553 omnino
1026 507 1088 553 non
1108 492 1219 568 aperte
1239 488 1364 552 demon-

259 593 395 653 stratum
418 593 467 652 est
494 588 552 653 has
574 587 726 653 formulas
749 606 818 652 esse
851 588 1040 669 suppositas.
1097 589 1364 655 Westermannus

259 688 382 767 quidem
399 688 431 754 in
446 689 710 754 commentatione
725 689 807 770 illa,¹
819 709 880 769 qua
896 708 1109 770 qrraecumque
1123 690 1206 769 apud
1222 694 1364 755 oratores

258 788 374 854 atticos
396 794 526 854 exstant
546 789 614 854 litis
635 789 865 870 instrumenta,
888 790 930 854 ad
953 809 1048 855 unum
1070 790 1175 855 omnia
1197 790 1364 856 subditicia

258 890 393 969 probare
415 890 573 970 studebat,
596 889 628 953 in
650 890 761 954 harum
786 908 908 969 quoque
937 889 1114 955 orationum
1139 890 1292 956 formulas
1318 890 1363 955 in·

257 993 368 1054 vectus
391 995 455 1069 est3
489 990 544 1054 sed
573 1008 643 1054 cum
676 989 863 1071 sententiae,
898 1009 977 1069 qrras
1008 989 1060 1055 vir
1091 991 1291 1056 doctissimus
1324 991 1363 1055 de

257 1088 400 1154 formulis
422 1090 557 1154 aliarum
579 1090 755 1155 orationum
777 1089 920 1171 protulit,
943 1091 984 1156 ab
1006 1090 1101 1155 aliis2
1121 1091 1267 1172 repulsae
1288 1091 1362 1173 sint,

258 1208 426 1255 caveamus
447 1209 487 1254 ne
509 1196 628 1256 temere
648 1190 681 1255 in
696 1191 796 1256 verba
814 1190 960 1272 magistri
977 1191 1129 1273 juremus.
1173 1192 1225 1256 De
1238 1190 1363 1275 legibus

258 1294 364 1355 autem
395 1290 525 1355 insertis
554 1291 622 1373 Jam
649 1311 668 1355 a
694 1291 802 1355 multis
824 1290 903 1355 viris
935 1290 1036 1356 doctis
1069 1292 1274 1372 disputatum,
1307 1292 1362 1357 sed

257 1391 342 1455 inter
364 1410 416 1456 eos
438 1410 588 1473 magnam
611 1410 680 1456 esse
701 1391 929 1456 dissensionem
951 1391 1051 1457 video.
1106 1390 1196 1475 Quae
1224 1411 1294 1456 curn
1315 1392 1362 1456 ita

258 1496 374 1573 essent,
395 1491 472 1556 mihi
494 1511 608 1572 operae
630 1491 765 1573 pretium
786 1492 890 1558 visum
913 1497 963 1557 est
984 1493 1023 1558 de
1043 1494 1156 1557 narum
1186 1491 1363 1558 orationum

259 1592 402 1658 formulis
424 1593 524 1658 denuo
548 1594 763 1674 quaestionem
784 1593 962 1658 inst‘tnere.

341 1709 405 1776 Sed
433 1709 616 1795 priusquam
645 1711 687 1775 ad
715 1730 780 1775 rem
809 1710 912 1791 ipsam
940 1710 1142 1790 accedamus,
1171 1710 1204 1775 id
1231 1729 1362 1775 comme·

258 1828 382 1874 morare
402 1809 498 1875 uelim
519 1810 603 1875 inter
625 1829 732 1876 omnes
754 1811 840 1876 viros
862 1811 995 1876 doctos³
1020 1815 1167 1877 constare
1187 1811 1261 1876 illas
1282 1811 1362 1875 duas

258 1909 426 1991 orationes
463 1930 543 1991 quae
574 1911 670 1994 uulgo
703 1913 761 1977 sub
793 1911 1020 1976 Demosthenis
1051 1912 1177 1976 nomine
1207 1911 1361 1991 feruntur,

257 2029 458 2090 nequaquam
479 2012 521 2076 ab
542 2013 602 2077 hoc
624 2031 744 2077 summo
772 2017 899 2077 oratore
927 2017 1064 2099 scriptas
1093 2031 1171 2077 esse.
1227 2010 1290 2077 Sed
1322 2029 1362 2075 ex

258 2111 318 2175 hac
351 2130 388 2176 re
419 2130 483 2176 una
515 2112 700 2177 concludere
731 2133 793 2180 non
825 2113 901 2178 licet
932 2114 1084 2179 formulas
1117 2130 1248 2193 quoque,
1282 2129 1363 2190 quae

259 2210 456 2276 orationibus
471 2211 612 2278 insertae
627 2220 710 2291 sunt,
734 2215 914 2296 suppositas
928 2234 1007 2296 esse,
1021 2214 1116 2279 immo
1130 2213 1164 2277 id
1177 2211 1224 2277 ita
1237 2212 1362 2277 demum

259 2313 461 2377 statuendum
492 2318 586 2394 esset,
616 2315 643 2380 si
670 2316 881 2381 demonstrari
909 2320 1017 2397 posset
1045 2315 1204 2381 orationes
1236 2312 1361 2378 omnino

258 2431 323 2477 non
356 2412 485 2478 habitas
516 2414 550 2479 in
579 2415 706 2496 judicio,
740 2416 795 2481 sed
823 2417 922 2481 multo
948 2419 1067 2497 posta
1097 2416 1224 2479 rhetore
1255 2412 1361 2492 aliquo

259 2511 496 2578 exercitationis
526 2533 623 2579 causa
653 2516 789 2597 scriptas
819 2535 896 2580 esse.
942 2515 1022 2580 Ourn
1051 2520 1158 2580 autem
1185 2516 1265 2579 haec
1291 2532 1360 2578 sen·

258 2613 360 2678 tentia
392 2633 412 2678 a
444 2616 530 2680 nullo
562 2618 688 2696 prolata
721 2617 780 2698 sit,
814 2618 869 2681 sed
898 2635 1006 2682 omnes
1038 2615 1099 2680 viri
1132 2615 1216 2681 docti
1248 2618 1361 2696 putent

259 2713 418 2779 orationes
440 2715 467 2779 si
482 2736 544 2780 non
560 2718 815 2797 aDemosthene
837 2722 944 2781 tamen
960 2718 1001 2782 ab
1016 2716 1079 2782 alio
1094 2722 1221 2782 oratore
1234 2715 1361 2796 aequali

259 2814 395 2895 scriptas
418 2834 487 2880 esse
509 2822 542 2880 11
569 2817 611 2881 ad
634 2836 727 2882 veras
759 2837 874 2882 causas
906 2816 1074 2897 pertinere,
1107 2815 1291 2896 quaestione
1321 2817 1361 2881 de

258 2913 379 2994 ungine
400 2914 576 2979 orationum
597 2916 744 2998 neglecta
769 2935 853 2980 nnnc
881 2917 923 2981 ad
949 2916 1101 2981 formidas
1130 2916 1217 2997 ipsas
1244 2914 1360 2981 exami-

257 3012 380 3077 nandas
402 3013 632 3094 aggrediamur.

346 3182 352 3210 ¹
371 3179 470 3233 Exstat
487 3181 515 3234 in
532 3180 601 3235 actis
618 3195 672 3234 soe.
688 3179 761 3247 Lips.
780 3180 832 3233 vol.
851 3180 872 3233 Ι.
890 3197 916 3248 p.
936 3182 948 3234 l
968 3196 1006 3247 sq.

343 3265 404 3319 ²cf.
432 3264 615 3319 Wachholtzii
645 3264 749 3319 dissert.
779 3265 812 3318 de
839 3264 896 3318 litis
925 3263 1113 3318 instrumentis
1140 3264 1168 3319 in
1190 3265 1266 3318 Dein.
1291 3282 1360 3332 quae

258 3352 345 3404 fertur
364 3349 486 3403 oratione
504 3348 532 3402 in
545 3349 726 3403 llacartatum
738 3348 828 3402 Kiliae
848 3349 919 3403 1878.
938 3354 967 3402 et
975 3348 1117 3402 Kirchneri
1134 3347 1358 3403 dissertationem.

342 3435 352 3465 ³
369 3434 403 3487 of.
421 3432 506 3499 Blass,
525 3433 558 3486 de
576 3439 643 3486 orat.
657 3438 707 3487 att.
720 3432 773 3486 vol.
786 3433 839 3486 ΠΙ.
851 3438 921 3500 part.
936 3435 948 3487 l
961 3433 1163 3500 114751148ος
1182 3438 1211 3487 et
1225 3433 1358 3501 Schaefer,

257 3517 290 3570 de
307 3516 445 3570 Demosth.
465 3516 575 3583 ejusque
593 3516 750 3583 aequalibus
768 3517 823 3571 vol.
841 3517 893 3570 III.
911 3524 980 3585 part.
999 3518 1015 3569 ‘2
1032 3533 1057 3584 p.
1077 3519 1124 3572 177
1142 3534 1180 3584 sq.

657 3722 956 3730 --——-—-——-—-—
