3234 4834
789 295 831 355 34

342 491 432 574 Lege
445 495 553 557 1111111
568 490 729 573 provisum
745 496 826 574 erat,
847 510 889 558 ne
910 490 1094 574 peregrinis,
1118 491 1146 557 si
1166 492 1250 558 forte
1261 511 1368 559 errore

259 590 416 673 perducti,
439 610 502 658 non
517 592 589 659 dolo
602 592 687 658 malo
701 591 868 658 conubium
882 591 1030 673 inierant,
1045 592 1148 657 multa
1161 591 1367 676 irrogaretur.

260 690 349 773 Quae
368 691 449 774 legis
470 693 569 758 verba
591 692 619 758 si
640 711 711 758 1111
733 691 870 758 oratoris
892 692 997 758 verbis
1026 692 1244 775 comparabiS,
1272 713 1393 776 appag

259 790 343 857 rebit
355 811 417 857 non
433 793 566 858 multum
580 792 742 875 interesse,
767 793 824 858 sed
837 811 941 875 pauca
955 796 1080 859 tantum
1094 791 1126 858 in
1141 793 1213 876 lege
1227 799 1368 875 exstare,

261 909 342 971 quae
364 896 473 958 orator
493 893 608 960 omisit.
650 895 747 959 Haeo
767 897 874 960 autern
896 893 1010 974 verba,
1040 911 1122 973 quae
1150 894 1367 960 tantummodo

259 990 293 1056 11
314 992 388 1074 lege
410 995 549 1073 exstant,
572 991 634 1058 viri
656 992 741 1058 docti
755 996 951 1074 putaverunt
966 1012 986 1058 a
999 991 1133 1058 falsario
1154 992 1239 1075 ficta,
1262 986 1368 1060 cetera

260 1095 368 1157 autem
390 1110 429 1157 ex
452 1092 594 1159 oratione
614 1093 685 1175 ipsa
707 1093 869 1160 translata
885 1111 964 1160 esse.
1008 1092 1100 1177 Quae
1115 1094 1275 1160 sententia
1291 1093 1367 1160 mibi

259 1190 387 1256 minime
413 1194 582 1273 probatur;
603 1212 678 1259 nam
709 1194 738 1259 si
765 1193 918 1260 falsarius
939 1195 1039 1261 verba
1068 1195 1204 1260 oratoris
1229 1195 1263 1260 in
1286 1194 1367 1276 legis

257 1290 392 1356 formam
413 1293 606 1376 redegisset,
634 1313 739 1360 nonne
765 1295 1013 1376 exspectandum
1035 1298 1086 1360 est
1109 1314 1204 1375 quam
1230 1294 1368 1360 maxime

258 1389 347 1456 illum
365 1393 466 1459 verba
486 1394 622 1459 oratoris
644 1399 825 1460 secuturum
846 1393 965 1460 inisse?
980 1401 985 1429 ¹
1028 1394 1225 1476 (iurantem,
1240 1415 1365 1474 quaero,

259 1490 409 1558 falsarius
423 1494 565 1577 neglexit
576 1495 675 1561 verba
687 1496 760 1558 οὐδὲ
771 1493 1038 1559 rorbouocelodoc?
1051 1514 1144 1576 porro
1159 1513 1214 1558 our
1229 1495 1367 1560 mutavit

260 1592 401 1658 ordinem
421 1593 687 1675 praeceptorum?
729 1597 825 1660 Haeo
852 1594 990 1660 maxime
1018 1613 1115 1659 eausa
1143 1593 1217 1658 mibi
1241 1593 1367 1658 videtur

259 1692 369 1775 magni
395 1693 546 1759 momenti
573 1712 660 1774 esse;
687 1713 761 1762 nam
790 1700 1036 1760 consentaneum
1065 1702 1115 1757 est
1148 1696 1305 1758 oratorem
1333 1692 1365 1757 in

258 1793 366 1860 verbis
398 1793 464 1860 suis
499 1794 550 1876 id,
576 1796 658 1875 quod
693 1795 796 1878 magis
832 1813 850 1859 e
884 1813 920 1860 re
955 1813 1013 1859 sua
1050 1797 1136 1875 erat,
1159 1792 1264 1874 priore
1297 1794 1365 1859 loeo

259 1913 384 1976 ponere,
407 1900 519 1960 eontra
539 1914 603 1961 non
623 1895 787 1977 probabile
809 1899 861 1960 est
880 1893 1048 1959 falsarium
1070 1892 1211 1959 ordinem
1227 1893 1365 1975 partium

258 1995 341 2078 legis
362 1999 497 2061 mutare.

342 2095 430 2162 Num
450 2100 558 2162 autem
580 2095 704 2162 omnino
725 2095 797 2176 illa,
831 2095 965 2184 quaein
994 2093 1130 2160 formula
1159 2099 1286 2160 tanturn
1314 2114 1366 2160 ex·

259 2199 363 2277 stant,
386 2201 453 2261 tam
475 2195 584 2278 inepta
606 2200 693 2276 sunt,
716 2200 753 2261 ut
773 2194 926 2277 originem
949 2195 1062 2260 ducere
1082 2214 1146 2260 non
1167 2194 1291 2277 possint
1304 2195 1366 2261 nisi

259 2296 300 2360 ab
321 2295 435 2361 inscito
467 2295 622 2362 falsario?
664 2296 840 2362 Platnerus
861 2299 895 2359 et
914 2294 1074 2360 Meierus²
1094 2296 1174 2362 haee
1194 2302 1366 2378 praecepta

259 2414 294 2461 re
314 2414 393 2463 vera
413 2395 512 2462 fuisse
532 2400 665 2477 putant3
695 2395 751 2461 sed
772 2393 953 2476 Philippius
975 2394 1079 2461 causis
1105 2416 1167 2462 non
1196 2397 1305 2463 allatis
1328 2417 1366 2464 11

258 2496 416 2578 neglegit,
452 2494 691 2560 Tbalbeimius³
726 2495 767 2561 de
798 2495 991 2561 auctoritate
1026 2494 1182 2563 formulae
1218 2497 1366 2563 dubitare

258 2596 386 2662 uidetur
415 2601 512 2675 atque
543 2614 575 2662 v.
598 2594 628 2658 d.
651 2594 749 2660 Esius
781 2594 878 2660 etiam
906 2595 1125 2662 demonstrare
1151 2597 1259 2663 studet
1285 2600 1366 2664 haee

259 2696 385 2762 omnino
417 2695 464 2760 ita
494 2713 529 2760 se
556 2695 674 2760 habere
706 2715 768 2761 non
797 2695 947 2777 potuisse.
1002 2696 1145 2762 Maxime
1176 2701 1283 2762 autem
1314 2698 1365 2764 vir

260 2795 459 2861 doctissimus
474 2794 705 2875 offendebatur,
717 2795 800 2874 quod
815 2794 1009 2878 peregrinus
1021 2796 1075 2875 qui
1086 2795 1187 2862 civem
1202 2796 1364 2862 mulierem

259 2896 292 2962 in
313 2892 547 2960 matrimonium
570 2893 723 2978 duxisset,
735 2894 870 2977 ueniret,
893 2899 1004 2961 eontra
1026 2895 1115 2978 aivis,
1137 2894 1190 2977 qui
1205 2896 1366 2962 mulierem

260 2994 460 3078 peregrinam
481 2993 552 3060 dolo
567 2995 651 3061 malo
667 2994 902 3062 circumventus
923 2995 1076 3078 duxisset,
1099 2995 1185 3062 mille
1206 2997 1365 3065 drachmis

259 3095 457 3161 multaretur.
501 3094 564 3161 Sed
585 3094 682 3161 miror
702 3096 806 3162 virum
829 3096 1044 3162 doctissimum
1065 3116 1128 3162 non
1149 3099 1285 3178 probare
1299 3098 1365 3180 illa,

260 3215 342 3277 quae
362 3196 536 3262 Platnerus
557 3196 600 3261 ad
621 3196 844 3277 explicandam
864 3197 948 3261 hane
968 3215 1035 3261 rem
1056 3197 1182 3278 attulit,
1215 3215 1285 3262 oum
1313 3198 1365 3262 de

258 3302 452 3363 monstraret
472 3295 690 3378 peregrinum,
713 3295 766 3375 qui
795 3300 906 3359 eontra
938 3295 1025 3375 leges
1055 3312 1185 3359 uxorem
1211 3296 1364 3376 duxisset,

259 3417 298 3463 ea
325 3398 364 3463 de
393 3415 489 3462 causa
510 3394 728 3464 vehementius
757 3394 878 3476 puniri,
911 3393 994 3473 quod
1023 3411 1125 3472 neque
1156 3394 1241 3475 apud
1262 3394 1364 3459 Athe

258 3497 384 3566 nienses
408 3495 441 3561 in
464 3495 550 3561 cives
572 3495 679 3560 eodem
712 3493 804 3558 modo
836 3493 993 3574 agebatur
1024 3510 1085 3572 quo
1116 3493 1149 3557 11
1181 3493 1364 3577 peregrinos

258 3617 360 3679 neque
380 3596 413 3661 in
435 3599 568 3673 utroque
588 3611 647 3674 par
669 3591 761 3673 eulpa
782 3600 863 3674 erat,
887 3590 1034 3672 quoniam
1055 3592 1240 3675 peregrinus
1262 3592 1364 3658 eivem

344 3792 583 3850 ι1111111111111
605 3790 646 3844 ita
669 3790 790 3845 eruditos
811 3789 934 3844 homines
956 3790 1041 3845 fuisse
1065 3807 1151 3860 neque
1173 3791 1202 3845 in
1225 3790 1364 3846 scribendo

259 3882 376 3936 multum
393 3891 472 3932 eurae
490 3879 540 3929 aut
557 3873 662 3928 consilii
681 3873 843 3939 adhibuisse,
861 3879 974 3944 apparet
986 3891 1019 3928 ex
1031 3875 1219 3929 instrumentis
1231 3872 1365 3928 orationis

259 3967 292 4019 de
310 3980 414 4030 corona,
433 3974 503 4028 quae
520 3957 661 4029 supposita
678 3973 736 4012 esse
753 3973 839 4026 paene
856 3957 931 4011 inter
948 3973 1041 4011 omnes
1059 3963 1175 4013 constat.

343 4051 353 4079 ²
371 4047 404 4102 oi.
413 4046 532 4115 Flamen,
544 4047 576 4100 de
585 4046 627 4100 lit.
637 4052 665 4099 et
674 4049 726 4099 aet.
737 4044 895 4111 volupia,
906 4042 991 4097 lieier
1000 4048 1028 4097 et
1038 4043 1212 4110 Sehoamaun,
1221 4043 1238 4096 l.
1246 4043 1263 4096 l.
1274 4058 1299 4110 p.
1306 4043 1364 4095 350.

343 4132 404 4186 ⁸oi.
422 4132 439 4186 l.
457 4131 474 4184 l.
493 4149 518 4201 p.
537 4132 569 4184 19
587 4130 647 4183 adn.
668 4131 689 4183 1.
