3234 4834
350 1456 510 1592 Athenis
532 1527 708 1612 orationem
732 1546 815 1608 quae
841 1528 875 1594 in
899 1528 1027 1610 jndiciis
1054 1529 1269 1610 habebantur,
1299 1548 1362 1594 non

221 1639 224 1643 ’
260 1648 384 1712 semper
405 1630 446 1695 ab
469 1627 515 1693 eis
537 1628 590 1708 qui
610 1627 784 1711 litigabant
805 1629 898 1710 ipsis
921 1631 977 1695 sed
1007 1629 1192 1712 saepissime
1219 1629 1261 1694 ab
1290 1628 1362 1694 aliis

260 1729 438 1796 hominibus
470 1732 503 1793 et
533 1729 614 1794 artis
641 1729 799 1795 oratoriae
832 1734 864 1795 et
890 1730 995 1813 legum
1024 1729 1209 1796 Atticarum
1240 1728 1362 1811 peritia,

261 1831 314 1911 qui
348 1832 546 1897 vocabantru
578 1835 770 1920 λογογράφοι,
808 1832 1000 1915 compositas
1034 1851 1104 1898 esse
1135 1833 1219 1898 inter
1253 1849 1360 1896 omnes

261 1936 396 1997 constat.
450 1931 513 2016 Qui
541 1934 729 2019 λογογράφοι,
762 1953 833 1999 cum
864 1935 906 1999 ab
938 1933 1045 2014 aliquo
1073 1933 1156 2015 jnssi
1188 1931 1362 1998 orationem

261 2033 426 2116 conficere,
448 2035 488 2100 de
509 2052 606 2099 causa
628 2034 778 2100 certiores
799 2034 880 2100 faeti
901 2038 1009 2100 essent
1029 2038 1127 2114 atque
1148 2033 1254 2099 omnia
1282 2023 1364 2113 quae

259 2134 367 2200 afferri
387 2139 537 2216 poterant
565 2134 632 2200 litis
663 2135 878 2201 instrumenta
910 2135 1118 2217 accepissent,
1151 2135 1184 2201 iu
1219 2134 1363 2201 oratione

260 2235 487 2301 conscribenda
508 2235 603 2316 plane
625 2254 681 2301 suo
703 2236 836 2301 arbitrio
858 2238 1008 2319 agebant,
1040 2236 1087 2300 ita
1117 2240 1153 2301 ut
1182 2234 1363 2301 testimonia

260 2340 293 2400 et
314 2335 419 2418 legum
451 2335 604 2401 formulas
637 2335 749 2416 quibus
781 2337 934 2402 volebant
964 2335 1043 2401 locis
1075 2336 1260 2402 insererent.
1315 2338 1364 2403 Ut

260 2443 368 2500 autem
389 2435 459 2517 loci,
483 2436 595 2516 quibus
617 2435 674 2500 illa
701 2435 768 2501 litis
798 2436 1010 2501 instrumenta
1042 2454 1063 2500 a
1095 2435 1199 2501 scriba
1228 2436 1363 2519 legenda

260 2540 361 2617 erant,
385 2536 649 2618 significarentur,
672 2536 746 2617 quid
761 2536 935 2618 simplicius
957 2540 1028 2601 erat
1049 2555 1143 2615 quam
1163 2535 1241 2617 ipsis
1255 2536 1363 2602 verbis

260 2640 346 2701 totas
375 2636 479 2719 legum
508 2640 541 2701 et
570 2636 824 2702 testimoniorum
850 2636 1004 2701 formulas
1031 2654 1087 2701 suo
1116 2655 1272 2716 quamque
1295 2637 1363 2702 loco

260 2735 395 2801 orationi
426 2736 566 2802 inserere
598 2737 788 2817 easdemque
819 2736 852 2802 in
881 2736 1042 2818 plagulam
1076 2736 1209 2802 collatas
1241 2736 1365 2802 scribae

259 2836 434 2902 mandare?
476 2837 598 2902 Eodem
620 2837 712 2902 modo
735 2841 878 2902 oratores
899 2836 985 2917 ipsos
999 2836 1052 2903 vel
1068 2855 1174 2901 eorum
1192 2836 1362 2918 discipulos

259 2939 327 3000 tum
349 2955 471 3016 quoque
492 2935 596 3018 egisse
617 2935 788 3001 verisimile
811 2941 869 3016 est,
893 2954 961 3000 cum
978 2954 1052 3000 suas
1068 2935 1119 3001 vel
1135 2935 1360 3018 magistrorum

260 3034 418 3100 orationes
439 3034 473 3099 iu
494 3033 653 3116 publicum
675 3035 836 3100 edebant*

344 3136 408 3203 Sed
429 3137 508 3201 haec
528 3134 750 3218 instmmenta,
773 3155 856 3216 quae
877 3135 1062 3216 aequalibus
1084 3135 1210 3215 quidem
1230 3136 1364 3201 multum

260 3237 424 3319 valebant,
440 3255 511 3301 cum
525 3235 615 3301 brevi
629 3237 809 3303 rhetoribus
825 3255 1064 3319 supervacanea
1081 3255 1152 3301 esse
1166 3235 1363 3318 viderentur,

259 3339 411 3420 pleraque
432 3357 472 3403 ex
493 3336 583 3402 libris
605 3337 803 3420 exciderunt,
838 3358 900 3419 qua
927 3339 960 3405 in
986 3357 1022 3404 re
1048 3356 1124 3404 casu
1153 3338 1276 3403 iactum
1304 3341 1363 3419 ost,

260 3443 296 3504 ut
317 3438 350 3504 in
372 3438 437 3504 alia
459 3437 603 3503 oratione
625 3458 732 3504 omnes
754 3438 911 3504 formulae
925 3440 1122 3520 tollerentur,
1145 3439 1178 3504 in
1199 3438 1265 3503 alia
1285 3457 1363 3504 non-

256 3540 366 3605 nullae
387 3540 489 3621 modo,
511 3538 545 3604 in
566 3538 632 3635 alia
652 3540 741 3604 nulla
763 3539 899 3605 omniuo.
953 3539 1064 3620 Atque
1096 3538 1363 3605 Demosthenicas

258 3640 384 3721 quidem
408 3639 568 3705 orationes
590 3639 643 3720 qui
664 3640 824 3706 recensuit
846 3640 996 3723 cujusque
1027 3641 1068 3706 ab
1095 3639 1232 3706 editione
1254 3658 1364 3705 omnes

258 3740 381 3806 codices
403 3740 506 3806 nostri
527 3741 690 3821 repetendi
712 3744 797 3824 sunt,
821 3740 954 3807 Atticus
970 3741 1072 3808 voluit
1086 3761 1194 3807 omnes
1208 3740 1362 3806 formulas

260 3858 299 3904 ex
320 3839 457 3905 editione
478 3859 537 3905 sua
558 3859 720 3921 amovere,
752 3840 808 3905 sed
837 3839 870 3905 in
899 3842 959 3906 hoo
984 3840 1088 3906 studio
1117 3861 1179 3907 non
1207 3841 1267 3907 sibi
1293 3858 1364 3907 oon-

259 3938 359 4019 stitit3
380 3958 454 4005 nam
477 3944 512 4005 ut
533 3940 685 4006 orationis
705 3940 739 4006 in
760 3941 921 4007 Neaeram
949 3940 1104 4007 formulas
1135 3942 1169 4008 in
1189 3942 1362 4008 Atticiano

343 4105 427 4160 ¹Has
450 4106 599 4161 sententias
621 4106 723 4176 primus
749 4108 792 4160 Jo.
817 4107 894 4161 Gust.
917 4107 1083 4174 Droysenius
1108 4109 1225 4174 protulit
1246 4109 1275 4162 in
1298 4107 1363 4161 diar.

140 4266 142 4271 Ι
258 4192 329 4245 stud.
347 4191 473 4257 antiqu.
493 4192 557 4245 1839
575 4208 600 4258 p.
619 4191 677 4245 539.

1160 4258 1188 4310 1*

634 4427 868 4539 425312
