3234 4834
817 352 857 410 56

288 543 372 610 enim
394 544 446 612 vir
467 545 674 612 doctissimus
703 549 745 614 ab
773 547 868 613 initio
896 547 1025 628 quidem
1055 547 1293 630 Bacchanalia,
1323 567 1395 612 cum

288 650 477 729 agerentur,
500 667 541 713 ne
563 667 704 729 unquam
720 668 760 712 ex
780 648 944 713 hominurn
959 647 1076 714 animis
1098 647 1254 712 memoria
1271 648 1395 714 Bacchi

287 746 357 812 dies
371 746 493 811 natalis
508 747 702 831 discederet,
718 747 887 813 nominata
902 766 973 813 esse
990 747 1124 829 dabam
1137 753 1254 829 postea
1275 755 1394 830 autem,

288 864 359 911 cum
373 846 523 913 Bacchus
545 848 651 932 magis
674 849 844 932 magisque
860 848 949 931 deus,
973 851 1064 932 ouJus
1079 849 1205 914 tutelae
1219 848 1394 930 praecipue

288 946 399 1011 vinum
415 952 512 1030 esset,
537 953 723 1030 putaretur,
746 951 807 1014 hoc
822 968 939 1014 nomen
954 954 1116 1014 mutatum
1132 965 1204 1012 esse
1215 946 1252 1011 -in
1270 946 1391 1011 derina.

289 1044 367 1111 Oum
400 1051 509 1113 autem
541 1048 575 1112 in
609 1049 740 1130 optimis
773 1049 938 1115 codicibus
967 1047 1156 1130 reperiatur
1182 1066 1246 1111 vox
1274 1046 1395 1128 dedam

288 1164 394 1226 neque
415 1145 450 1211 in
468 1147 681 1231 jurejurando
704 1168 831 1229 quoque
859 1148 998 1213 formam
1026 1150 1186 1212 mutatam
1217 1164 1289 1211 esse
1311 1144 1394 1210 veri·

224 1277 229 1286 ·
289 1244 393 1311 simile
408 1245 462 1325 sit,
475 1248 553 1312 milri
565 1249 694 1329 quidem
709 1248 815 1313 forma
831 1247 951 1329 dedara
965 1246 1154 1328 recipienda
1169 1265 1241 1312 esse
1253 1246 1393 1312 videtur.

289 1345 361 1411 liae
383 1353 491 1412 autern
515 1366 595 1414 voce
617 1368 688 1414 cum
710 1348 932 1413 Bacchanalia
953 1347 1079 1413 rustica
1107 1345 1290 1430 significari
1311 1347 1395 1411 Har·

289 1446 461 1527 pooration
475 1450 568 1514 nobis
583 1447 771 1530 tradiderit,
784 1453 901 1513 contra
915 1446 1080 1531 Ἰοβάκχεια
1095 1447 1138 1513 ad
1153 1465 1237 1529 quae
1252 1447 1396 1511 Baccha-

289 1546 379 1610 nalia
400 1547 590 1628 pertineant
612 1567 676 1613 non
699 1553 840 1614 constat.

375 1654 438 1720 Sed
473 1663 511 1721 ut
550 1656 593 1721 ad
637 1658 886 1723 examinandam
925 1656 1085 1721 formulae
1128 1654 1223 1720 iidem
1264 1656 1397 1720 acceda-

282 1773 376 1840 mus,
406 1774 465 1821 nos
496 1776 582 1822 nunc
612 1758 741 1839 quidem
780 1758 820 1822 de
848 1757 911 1821 hac
950 1775 986 1821 re
1024 1755 1106 1821 nibil
1134 1755 1218 1821 certi
1245 1754 1395 1836 proferre

290 1874 386 1937 posse
409 1856 625 1925 confitendum
648 1865 707 1925 est.
752 1859 830 1924 Cum
853 1857 937 1922 enim
956 1857 1183 1939 jusjurandum
1210 1855 1300 1920 nullo
1331 1857 1395 1921 alio

290 1955 359 2021 loco
381 1957 549 2039 laudetur,
579 1960 612 2025 id
634 1961 727 2023 modo
756 1956 871 2038 quaeri
892 1960 1015 2039 potest,
1038 1975 1115 2022 num
1137 1958 1234 2038 haec,
1257 1956 1395 2037 quaein

290 2056 418 2123 tradita
439 2057 577 2124 formula
599 2058 720 2139 insunt,
742 2057 807 2123 illis
829 2056 1032 2138 temporibus
1051 2077 1086 2123 re
1102 2076 1183 2122 vera
1193 2059 1308 2140 jurata
1324 2074 1396 2121 esse

290 2144 471 2237 putandum
503 2158 563 2238 sit;
596 2179 701 2241 neque
733 2158 813 2223 mibi
844 2157 877 2223 in
908 2156 1049 2222 formula
1081 2157 1255 2238 quidquam
1289 2155 1397 2223 inesse

291 2257 437 2340 videtur,
468 2259 554 2338 quod
580 2260 674 2324 nobis
703 2257 889 2340 scrupulum
917 2256 1040 2323 inicere
1067 2257 1182 2339 possit.
1236 2257 1397 2324 Fortasse

295 2363 403 2423 autem
439 2358 561 2424 obiciat
594 2358 754 2440 quispiam
784 2357 951 2438 complura
978 2356 1012 2422 in
1039 2357 1180 2423 formula
1205 2356 1397 2437 desiderari,

209 2482 224 2498 =
290 2463 327 2522 ut
349 2457 480 2524 nomina
502 2458 636 2524 deorum
657 2459 885 2524 invocaturum
899 2458 952 2522 vel
967 2458 1220 2523 affirmationem
1235 2456 1396 2536 civitatis3

291 2576 372 2639 quas
394 2563 508 2640 partes
531 2560 571 2625 ab
594 2564 726 2625 oratore
748 2560 886 2626 omissas
914 2580 986 2626 esse
1015 2579 1079 2625 non
1102 2557 1302 2641 putaverim,
1326 2578 1396 2624 curn

291 2657 342 2724 his
374 2658 455 2739 ipsis
483 2658 646 2724 sanctitas
675 2664 708 2724 et
739 2659 886 2743 dignitas
919 2659 1115 2725 cerimoniae
1143 2659 1238 2740 quasi
1263 2658 1298 2725 in
1325 2677 1397 2723 oon·

291 2764 406 2840 spectu
436 2758 615 2823 animorum
646 2766 841 2841 poneretur,
864 2760 898 2823 id
931 2759 1015 2840 quod
1049 2763 1162 2823 orator
1191 2759 1254 2824 sibi
1282 2778 1398 2841 propo·

291 2867 423 2939 suerat,
446 2863 483 2924 at
503 2859 648 2924 fortasse
669 2858 762 2940 ipsae
784 2863 881 2924 erant
902 2859 984 2924 tales
1007 2859 1060 2924 vel
1081 2860 1272 2942 conjnnctae
1302 2867 1399 2925 erant

292 2978 363 3025 cum
392 2959 530 3041 talibus,
554 2977 635 3040 quas
665 2959 840 3025 enuntiare
872 2978 937 3024 non
965 2959 1097 3044 licebat.
1148 2958 1282 3024 Diserte
1314 2959 1398 3025 enim

293 3064 406 3125 orator
428 3063 463 3124 et
484 3064 563 3125 ante
583 3059 755 3125 formulam
779 3066 815 3125 et
837 3065 913 3141 post
935 3078 1006 3124 eam
1028 3059 1196 3125 laudatam
1227 3058 1307 3124 dicit
1334 3078 1399 3125 non

293 3160 401 3228 omnia
424 3162 519 3244 hujus
541 3161 648 3226 cultus
671 3160 827 3226 instituta
849 3159 1021 3225 enuntiare
1043 3159 1152 3225 licere.

376 3269 468 3352 Quod
491 3276 601 3335 autem
622 3268 853 3335 Mommsenius
876 3267 1035 3352 gravibus
1057 3267 1165 3333 causis
1193 3286 1257 3332 non
1287 3268 1398 3334 allatis

291 3370 464 3436 formulam
481 3368 656 3452 genuinam
672 3388 744 3433 esse
763 3370 878 3449 negat,
900 3367 979 3433 mibi
996 3367 1124 3448 quidem
1138 3386 1204 3432 non
1218 3369 1398 3451 persuasit3

292 3489 368 3535 nam
390 3488 585 3550 quamquam
607 3469 640 3534 in
663 3467 873 3552 dijudicanda
895 3469 957 3533 hac
977 3466 1117 3533 formula
1140 3467 1287 3532 omnibus
1309 3467 1400 3533 auxi·

219 3575 221 3578 ⁴
292 3570 345 3636 liis
377 3569 532 3636 destituti
560 3588 687 3651 sumus,
715 3574 827 3634 tamen
856 3569 889 3633 id
917 3588 1014 3634 unum
1042 3568 1187 3634 fortasse
1214 3568 1256 3633 ad
1285 3568 1399 3633 confir-

292 3670 443 3736 mandam
480 3669 639 3735 formulae
674 3668 770 3735 fidem
806 3668 927 3734 afferre
960 3668 1136 3751 possimne,
1178 3668 1263 3748 quod
1295 3686 1400 3748 neque

292 3789 441 3837 sermone
467 3790 572 3852 neque
600 3777 795 3854 argumento
824 3789 866 3835 ex
893 3770 1042 3836 oratione
1069 3768 1159 3833 illam
1187 3768 1400 3851 compositam

293 3890 365 3938 esse
398 3872 568 3953 probabile
600 3877 661 3936 est.
716 3872 811 3938 Unde
846 3877 955 3938 autem
987 3870 1169 3951 falsarium,
1204 3870 1258 3951 qui
1291 3873 1400 3951 poste·

199 3960 203 3967 ’
293 3973 437 4038 rioribus
459 3973 585 4038 demum
609 3972 810 4054 temporibus
826 3972 999 4038 formulam
1016 3969 1234 4052 composuisse
1251 3975 1399 4050 putatur,

293 4072 357 4139 sibi
378 4071 531 4139 notitiam
552 4071 678 4137 formae
707 4078 740 4136 et
762 4072 950 4155 argumenti
978 4071 1075 4153 huJus
1098 4068 1318 4153 jurisjurandi
1344 4088 1400 4149 pa-

293 4192 386 4240 rasse
408 4170 585 4255 putemus?
