3234 4834
757 262 799 325 43

232 457 528 527 demonstravimus
537 507 545 541 ,
569 463 679 525 tamen
693 457 839 526 hocloco
854 476 989 539 prorsus
1004 457 1129 524 reicere
1156 476 1336 540 possumus,

232 578 303 626 eum
324 558 382 626 illa
403 558 533 626 nomina
561 559 596 625 in
625 558 734 625 titulis
756 558 976 642 reperiantur.
1020 558 1180 642 Stephani
1207 558 1336 641 quidem

233 658 451 728 Antidoridae
467 662 475 696 ¹
489 658 548 725 filii
562 660 735 726 Eroeadae
749 677 866 726 nomen
881 658 1078 726 Sohaeferus
1092 678 1134 726 ex
1148 659 1337 743 coniectura

231 759 382 827 restituit
394 759 428 825 in
443 759 567 842 titulo‚²
581 759 636 842 qui
651 759 811 844 originem
826 760 916 826 ducit
930 778 972 825 ex
985 777 1070 825 anno
1085 778 1115 825 a.
1127 758 1202 825 Chr.
1214 777 1245 825 n.
1257 759 1337 838 3473

235 863 335 942 atque
363 859 393 926 si
425 859 513 926 forte
534 861 597 927 hoo
623 859 849 929 documentum
871 866 910 927 ut
930 879 972 927 ex
993 861 1182 945 conjectura
1206 859 1338 925 ductum

231 958 363 1042 reicias,
378 959 510 1027 titulum
520 963 531 996 ³
541 960 701 1042 quendam
712 963 864 1030 conferas
876 961 992 1028 annia.
1006 961 1081 1028 Chr.
1094 979 1125 1026 n.
1141 961 1213 1044 332,
1223 960 1257 1025 in
1274 977 1337 1042 quo

232 1059 419 1128 Cleocharis
435 1061 617 1128 Glaueetae
630 1062 691 1129 filii
705 1061 926 1146 Cephisiensis
940 1062 1062 1129 mentio
1077 1062 1125 1144 fit,
1147 1066 1182 1127 et
1196 1061 1337 1128 alterum

232 1160 386 1228 titulnm⁴
407 1161 485 1228 anni
505 1181 538 1228 a.
553 1164 629 1230 Chr.
644 1181 675 1230 n.
690 1162 763 1246 421,
784 1163 819 1230 in
841 1182 904 1244 quo
926 1167 1196 1230 commemoratur
1209 1161 1338 1228 Aristo

233 1265 342 1327 crates
362 1261 590 1344 PhalerensiS‚
617 1262 672 1345 qui
700 1261 777 1345 quin
805 1281 877 1329 oum
903 1267 1018 1329 nostro
1044 1261 1244 1331 necessitate
1265 1280 1338 1329 eon·

229 1362 364 1446 junctus
385 1360 431 1428 sit
452 1361 532 1429 mihi
553 1361 683 1446 quidem
705 1362 837 1429 dubium
858 1381 923 1429 non
943 1362 1084 1430 videtur.

316 1727 416 1795 Aliud
447 1727 684 1812 testimonium,
727 1747 789 1811 quo
822 1728 984 1795 Neaeram
1027 1729 1226 1811 quibuslibet
1255 1728 1337 1796 viris

233 1846 352 1911 eorpus
373 1826 562 1910 permisisse
583 1829 838 1912 demonstratur,
861 1833 973 1895 exstat
993 1829 1028 1896 in
1049 1828 1068 1916 ξ
1089 1836 1145 1896 61:

359 1952 532 2039 Μαρτυρία·
564 1953 706 2040 Σάτυρος
732 1952 950 2044 Ἀλωπεκῆθεν,
979 1954 1118 2041 Σαυρίας
1146 1955 1338 2042 Λαμπτρεύς,

360 2052 516 2137 Διογείτων
558 2053 719 2140 Ἀχαρνεὺς
763 2060 955 2141 μαρτυροῦσι
998 2056 1150 2131 διαλλάξαι
1192 2056 1339 2145 διαιτηταὶ

358 2155 513 2240 γενόμενοι
534 2157 603 2240 περὶ
625 2154 759 2241 Νεαίρας
779 2162 835 2244 τῆς
854 2158 915 2221 νυνὶ
941 2156 1160 2246 ἀγωνιζομένης
1179 2155 1338 2242 Στέφανον

359 2258 407 2320 καί
431 2254 602 2341 Φρυνίωνα·
626 2256 680 2333 τὰς
699 2256 734 2320 δὲ
756 2256 1012 2339 διαλλαγὰςεῖναι,
1035 2256 1104 2321 καθ’
1119 2258 1158 2335 ἃς
1169 2257 1338 2346 διήλλαξαν,

359 2355 427 2433 οίας
446 2356 613 2441 παρέχεται
633 2354 862 2442 Ἀπολλόδωρος.

358 2472 528 2556 Διαλλαγαί·
566 2474 651 2540 Κατὰ
688 2474 761 2540 τάδε
793 2475 951 2563 διήλλαξαν
990 2474 1146 2560 Φρυνίωνα
1177 2478 1226 2539 καὶ
1258 2473 1338 2539 Στέ-

358 2596 464 2659 φανον,
486 2573 624 2662 χρῆσθαι
651 2575 797 2661 ἑκάτερον
826 2574 944 2663 Νεαίρᾳ
974 2575 1029 2645 τὰς
1047 2573 1115 2645 ἴσας
1139 2575 1259 2663 ἡμέρας
1285 2579 1338 2639 τοῦ

355 2676 455 2762 μηνὸς
475 2673 547 2759 παρ’
570 2675 691 2745 ἑαυτοῖς
710 2672 853 2761 ἔχοντας,
875 2675 913 2739 ἂν
931 2675 976 2764 μή
997 2700 1022 2739 τι
1043 2674 1115 2740 ἄλλο
1131 2675 1217 2739 αὐτοὶ
1237 2677 1342 2745 αὐτοῖς

357 2774 599 2862 συγχωρήσωσιν.
1154 2802 1156 2806 ’

317 2939 462 3020 Quarum
488 2939 700 3006 formularum
728 2941 763 3007 in
792 2942 901 3008 altera
921 2946 1025 3010 verba
1052 2944 1106 3012 τὰς
1130 2941 1198 3012 ἴσας
1222 2942 1341 3029 ἡμέρας

235 3043 288 3102 τοῦ
317 3039 417 3127 μηνός
443 3038 558 3121 inepta
584 3057 657 3106 esse
686 3041 855 3107 contendit
885 3041 1174 3126 Westermannus,
1207 3061 1278 3109 oum
1305 3042 1339 3110 id

234 3157 314 3205 sane
343 3137 408 3204 dioi
436 3137 542 3226 possit
570 3138 611 3205 de
637 3138 780 3223 integris
809 3141 865 3223 qui
886 3150 1047 3210 vocantur
1073 3143 1251 3224 mensibus,
1281 3143 1339 3209 sed

235 3258 299 3306 non
320 3238 400 3306 item
422 3240 462 3306 de
485 3239 584 3324 cavis,
608 3238 663 3322 qni
684 3238 813 3323 quidem
834 3240 868 3308 in
890 3242 973 3309 duas
994 3263 1092 3325 pares
1107 3248 1221 3325 partes
1236 3242 1340 3309 dividi

233 3344 408 3424 nequeant.
451 3341 516 3408 Sed
545 3341 627 3408 haee
652 3340 786 3409 offensio
814 3341 894 3409 mihi
921 3342 1073 3410 subtilior
1099 3361 1171 3409 esse
1197 3343 1338 3427 videtur,

235 3460 332 3524 quam
360 3445 399 3506 ut
423 3459 576 3524 magnam
605 3441 636 3508 ei
660 3441 727 3509 vim
755 3443 914 3525 tribuam3
943 3463 1019 3511 nam
1050 3445 1133 3510 haee
1163 3461 1244 3510 sane
1274 3463 1339 3510 non

318 3680 325 3709 ¹
344 3676 388 3730 Ad
405 3675 455 3731 hoe
472 3675 559 3744 patris
575 3692 673 3732 nomen
695 3677 795 3746 optime
821 3679 950 3747 onomat,
969 3679 1040 3746 quod
1061 3677 1134 3733 filius
1155 3677 1278 3733 Neaerae
1294 3679 1338 3733 vel

235 3757 367 3830 Stephani
387 3758 541 3828 appellatur
557 3759 739 3816 Antidorides.

316 3841 379 3895 'ed
396 3841 426 3896 O.
443 3843 466 3897 I.
484 3842 517 3896 A.
535 3843 589 3897 vol.
606 3846 624 3898 2
641 3843 685 3898 tit.
704 3845 766 3911 1093
792 3844 926 3912 Sehaefer,
943 3845 961 3900 1.
980 3846 998 3903 1.
1015 3846 1069 3903 vol.
1089 3848 1101 3901 l
1120 3862 1147 3920 p.
1164 3847 1226 3917 435,
1251 3846 1304 3903 voi
1322 3848 1340 3905 3

232 3929 303 3992 part.
321 3926 338 3978 2
354 3940 380 3992 p.
398 3926 457 3980 342.

316 4008 327 4040 ⁸
344 4007 379 4062 oi.
397 4007 427 4063 O.
444 4009 468 4063 I.
485 4009 518 4064 A.
536 4009 590 4064 vol.
607 4011 625 4064 2
641 4008 686 4066 tit.
704 4011 763 4067 804.

317 4091 379 4146 ‘od
398 4091 427 4147 O.
445 4093 468 4147 Ι.
485 4092 519 4147 Δ.
537 4092 591 4148 voL
609 4094 624 4149 l
641 4092 686 4150 tit
703 4096 761 4152 260.
