3234 4834
785 368 827 428 49

261 565 447 648 Stephanus
476 567 518 631 ab
550 565 736 647 Epaeneto,
758 583 853 646 quem
884 563 920 629 in
951 564 1083 645 Phauo,
1105 563 1254 629 Neaerae
1285 562 1363 644 filia,

262 667 445 732 adulterum
467 667 745 747 deprehenderat,
768 683 921 748 magnam
947 664 1118 746 pecuniam
1145 667 1364 747 expresserat.

261 768 449 848 Epaenetus
472 771 598 847 autem,
621 784 692 831 oum
714 765 891 847 praedibus
914 764 1003 831 datis
1024 763 1059 829 in
1079 764 1268 830 libertatem
1295 763 1366 830 vin·

262 867 390 932 dicatus
413 871 510 950 esset,
533 865 647 932 statim
669 860 837 948 Stephano
858 866 950 931 litem
971 864 1170 946 intenderat,
1193 862 1279 945 quod
1294 883 1365 930 cum

261 968 375 1033 Phano
397 986 461 1033 uon
483 966 581 1049 civis,
615 968 674 1032 sed
706 966 885 1050 peregrina
917 970 1017 1046 atque
1049 964 1207 1031 meretrix
1238 963 1365 1045 fuisset,

262 1067 389 1134 omnino
411 1087 476 1134 non
498 1068 736 1149 adulterasset,
759 1069 817 1133 sed
837 1066 958 1150 injuste
988 1067 1239 1147 comprehensus
1268 1070 1366 1130 esset.

262 1167 334 1250 Qua
355 1168 414 1235 lite
436 1187 508 1235 oum
523 1168 710 1249 Stephanus
731 1186 768 1233 se
790 1186 941 1233 casurum
964 1185 1036 1231 esse
1056 1165 1284 1247 intellexisset,
1306 1183 1367 1230 sua

262 1274 379 1350 sponte
402 1270 443 1334 ab
465 1268 521 1334 illo
543 1268 703 1351 petierat,
730 1278 768 1333 ut
794 1267 1035 1333 accusationem
1062 1268 1208 1346 tolleret,
1242 1270 1277 1330 et
1307 1284 1366 1346 per

262 1367 408 1433 arbitros
451 1367 486 1433 in
518 1367 662 1451 gratiam
702 1386 774 1433 eum
814 1367 870 1433 illo
892 1367 1057 1435 redierat.
1118 1367 1224 1450 Hujus
1257 1371 1366 1431 autem

262 1468 464 1534 narrationis
486 1468 567 1534 fides
590 1469 715 1534 duobus
736 1466 963 1534 instrumentis
986 1467 1204 1549 confirmatur,
1228 1465 1367 1547 quaein

265 1566 304 1652 ἐξ
325 1569 367 1632 92
389 1573 423 1633 et
444 1567 485 1634 93
506 1574 655 1634 exstant:

393 1703 561 1787 Μάρτυρες.
586 1701 769 1788 Ναοοίφιλος
785 1702 972 1790 Κεφαλῆθεν,
994 1700 1206 1787 Ἀριστόμαχος
1227 1700 1367 1788 Κεφαλῆ-

390 1802 444 1866 dev
455 1807 662 1887 μαρτυροῦσιν
678 1804 813 1890 ἐγγυηταὶ
827 1802 965 1886 μενέσδαι
979 1801 1147 1866 Ἐπαινέτου
1164 1805 1216 1866 τοῦ
1231 1799 1368 1884 Ἀνδμίοο,

390 1903 435 1966 ὅτ’
458 1901 519 1990 ἔφη
535 1903 695 1989 Στέφανος
704 1906 814 1988 μοιχὸν
830 1903 983 1990 εἰληφέναι
996 1900 1177 1966 Ἐπαίνετον·
1201 1903 1249 1966 καὶ
1264 1900 1368 1987 ἐπειδὴ

390 2003 514 2091 ἐξῆλθεν
546 2001 713 2079 Ἐπαίνετος
743 2003 827 2087 παμὰ
857 2002 1018 2088 Στεφάνου
1047 2003 1095 2066 καὶ
1122 2001 1227 2086 κάμιος
1252 2000 1369 2083 ἐμένετο

391 2105 494 2179 αὑτοῦ,
524 2103 698 2189 μμάφαοδαι
718 2105 838 2191 γραφὴν
865 2102 1023 2189 Στέφανον
1055 2105 1133 2187 πμδς
1161 2101 1231 2177 τοὺς
1256 2100 1369 2184 δεσμο-

392 2203 491 2279 δέτας,
525 2205 570 2266 δτι
604 2204 695 2267 αὐτὸν
728 2202 840 2278 άδίκιος
870 2202 985 2287 εἷρξεν·
1019 2205 1067 2266 καὶ
1091 2202 1176 2265 αὐτοὶ
1197 2201 1368 2265 διαλλακταὶ

391 2303 545 2387 γενόμενοι
578 2303 745 2376 διαλλάξαιΙ
761 2300 928 2366 Ἐπαίνετον
959 2304 1008 2366 καὶ
1041 2301 1214 2386 Στέφανον·
1250 2301 1303 2377 τὰς
1334 2300 1368 2364 δὲ

392 2404 550 2486 διαλλαγὰς
569 2403 654 2479 εἶναι,
676 2404 714 2479 ἂς
734 2402 901 2487 πομέχεται
922 2401 1150 2486 Ἀπολλόδωρος.
1173 2488 1175 2491 Ι

390 2518 552 2603 Διολλαμαί.
576 2519 635 2584 Ἐπὶ
657 2521 756 2584 τοῖσδε
778 2520 936 2607 διήλλαξαν
951 2518 1120 2604 Στέφανον·
1132 2521 1180 2582 καὶ
1201 2517 1367 2582 Ἐπαίνετον

390 2622 417 2682 oi
446 2622 632 2697 neellami,
662 2626 721 2685 τῶν
746 2621 805 2706 μὲν
833 2620 1036 2708 γεγενημένων
1065 2620 1133 2703 πεμλ
1170 2621 1220 2682 τδν
1248 2619 1368 2705 εἱμμμδν

390 2722 540 2808 μηδεμίαν
548 2721 654 2807 μνείαν
667 2720 756 2808 ἔχειν,
771 2720 937 2785 Ἐπαίνετον
953 2720 988 2784 δὲ
1003 2721 1108 2783 δοῦναι
1117 2717 1218 2804 χιλίας
1231 2719 1373 2804 δραχμὰς

395 2819 488 2884 davo?
508 2823 553 2890 εἷς
573 2820 699 2897 ἔκδοσιν,
721 2822 827 2909 ἐπειδὴ
849 2821 994 2908 κέχρηται
1016 2821 1095 2907 αὐτῇ
1115 2819 1266 2896 πολλάκις·
1290 2818 1369 2883 Στέ-

391 2942 487 3001 φανον
509 2919 544 2981 δὲ
567 2920 712 3004 παρέχειν
735 2919 826 2982 Φανὼ
839 2918 1013 3004 Ἐπαινέτῳ,
1035 2921 1149 2983 ὑπάταν
1171 2920 1304 3006 ἐπιδημῇ
1324 2921 1372 2983 καὶ

390 3016 537 3104 βούληται
559 3021 689 3081 συνεῖναι
711 3019 797 3104 αὐτῇ.

350 3183 475 3248 Horum
506 3182 796 3249 instrumentorum
827 3184 930 3249 verba
962 3185 1049 3266 apud
1081 3184 1226 3252 homines
1259 3185 1372 3251 doctos

266 3283 384 3349 multos
406 3285 577 3366 scrupulos
599 3289 782 3352 moverunt.
824 3283 970 3350 Primum
985 3285 1114 3367 quidem
1128 3285 1283 3352 Reislrius
1297 3290 1373 3368 post

266 3384 401 3449 verbum
423 3385 517 3448 αὑτοῦ
539 3383 743 3450 desideravit
764 3403 942 3467 pronomen
964 3386 1065 3469 αὐτόν,
1088 3405 1151 3466 quo
1174 3389 1292 3454 omisso
1307 3405 1371 3453 vox

266 3483 439 3569 ypopanton
461 3503 525 3550 non
546 3483 612 3550 nisi
633 3485 676 3550 ad
698 3486 843 3552 arbitros
866 3486 986 3552 referri
1007 3493 1134 3569 posset;
1157 3489 1215 3554 sed
1229 3505 1287 3554 suo
1298 3490 1373 3574 jure

267 3583 461 3650 Sohaelerus
484 3584 637 3667 opposuit
659 3604 771 3653 uorem
796 3606 862 3652 non
885 3586 1076 3670 addendam,
1099 3588 1158 3654 sed
1180 3589 1373 3655 subaudien-

266 3682 342 3748 dam
361 3688 461 3765 atque
483 3685 582 3751 etiam
598 3704 677 3752 vore
699 3687 820 3753 omissa
841 3687 1039 3753 sententiam
1061 3706 1133 3754 esse
1155 3689 1372 3756 manifestam.

267 3780 349 3846 Tum
371 3784 643 3851 Westermannus
665 3787 785 3868 verba,
808 3805 893 3868 quae
913 3806 977 3852 non
999 3787 1033 3852 in
1056 3787 1226 3865 oratione,
1249 3788 1308 3854 sed
1339 3790 1373 3854 in

267 3879 408 3948 formula
423 3888 552 3950 tantum
568 3890 712 3968 exstant,
735 3905 755 3950 a
774 3886 911 3952 falsario
927 3886 1035 3968 aliquo
1057 3887 1098 3953 de
1119 3907 1177 3954 suo
1199 3887 1279 3954 fieta
1298 3908 1373 3956 esse

267 3980 479 4051 existimavit.
524 3988 572 4051 At
593 3986 678 4068 quod
705 3986 898 4055 narratione
927 3986 1070 4053 oratoris
1098 4006 1163 4053 non
1191 3987 1374 4070 significari

267 4081 471 4164 Epaenetum
498 4087 630 4169 saepius
660 4106 732 4153 eum
758 4087 873 4153 Phano
902 4107 971 4153 rem
999 4088 1154 4155 habuisse
1175 4089 1228 4157 vir
1256 4089 1374 4156 doetis-

267 4183 367 4250 simus
390 4185 575 4268 contendit,
597 4186 632 4252 id
653 4186 732 4252 mihi
753 4206 818 4253 non
840 4194 931 4255 reete
952 4188 1090 4273 dietum,
1122 4190 1186 4325 sed4
1201 4190 1374 4272 probabile
