3234 4834
800 265 837 328 10

266 464 426 531 orationis
442 472 538 546 parte
553 469 796 546 testamentum,
820 465 905 545 quod
928 466 970 531 ab
992 464 1194 530 adversariis
1209 465 1371 546 prolatum

267 569 350 645 erat,
374 564 578 647 suppositum
600 583 672 631 esse
695 583 799 645 neque
822 564 950 629 omnino
965 564 1099 630 Pasioni
1118 564 1250 631 licuisse
1271 570 1373 632 testa·

266 670 410 731 mentum
421 666 542 747 iacere,
555 665 694 730 maximo
706 666 848 747 probare
861 670 998 731 conatur
1010 665 1229 747 compluribus
1243 666 1372 749 legibus

267 764 421 831 laudatis.
465 763 610 848 Quarum
632 766 740 849 legum
762 764 869 848 prima
891 765 1020 846 quidem
1042 771 1093 831 est
1114 766 1167 830 lex
1196 769 1372 831 testamen·

267 865 367 948 toria,
391 865 529 945 quaein
552 864 571 949 ξ
596 866 634 929 17
656 865 704 931 sic
725 865 863 949 legitur:

387 973 462 1045 ‘iiam
469 983 514 1069 μὴ
526 981 712 1070 ἐπεποίηντο,
723 982 803 1046 ὥστε
814 984 893 1069 μήτε
907 983 1044 1044 ἀπειπεῖν
1053 979 1123 1068 μήτ’
1136 981 1372 1057 ἐπιδικάσασθαι,

392 1083 444 1145 ὅτε
465 1080 572 1145 Σάλιον
594 1080 687 1168 εἰσῄει
710 1084 762 1169 τὴν
785 1083 892 1170 ἀρχήν,
917 1083 952 1145 τὰ
974 1082 1085 1145 ἑαυτοῦ
1106 1081 1265 1146 διαθέσθαι
1288 1083 1372 1158 εῖναι,

393 1183 478 1258 ὅπως
497 1183 534 1246 ἀν
562 1182 661 1271 ἐθέλῃ,
688 1182 725 1246 ἀν
750 1185 795 1271 μὴ
826 1184 931 1259 παῖδες
955 1174 1012 1245 ὦσι
1038 1183 1150 1269 perjurae
1176 1183 1313 1268 ἄρρενες,
1335 1184 1372 1247 ἀν

389 1285 433 1371 μὴ
460 1291 577 1368 μανιιῖιν
606 1284 624 1372 ἢ
654 1286 758 1372 γήρως
787 1283 805 1371 ἦ
838 1286 1008 1370 φαρμάκων
1040 1281 1059 1370 ἦ
1092 1285 1181 1347 νάσοο
1214 1284 1324 1359 ἕνεκεν,
1353 1282 1371 1370 ἢ

391 1388 502 1465 γυναικὶ
538 1385 724 1468 πειθόμενος,
753 1386 811 1448 ὑπὸ
835 1385 949 1447 τούτων
978 1407 1030 1447 τον
1067 1384 1252 1467 παρανόμων
1278 1382 1296 1471 ἢ
1322 1382 1370 1447 ὑπ’

392 1484 521 1572 ἀνάμιης
546 1483 564 1571 ἢ
590 1486 649 1548 ὑπὸ
672 1486 788 1569 δεσμοῦ
812 1483 1020 1571 καταληφθείς.

352 1634 445 1699 Haec
466 1639 518 1700 est
539 1635 637 1702 lectio
660 1636 855 1717 optimorum
877 1634 1038 1717 codicum,
1062 1633 1177 1715 quibus
1200 1634 1282 1700 haec
1302 1633 1371 1699 litis

267 1735 487 1799 iustrumenta
502 1735 629 1800 tradita
644 1743 731 1802 sunt.
775 1737 822 1801 At
836 1737 918 1800 haec
932 1736 1036 1800 verba
1050 1734 1133 1818 legis
1149 1753 1213 1800 non
1228 1734 1372 1817 genuina

267 1852 339 1899 esse
360 1833 448 1899 inter
475 1853 585 1901 omnes
609 1841 750 1917 constat,
780 1842 881 1916 atque
909 1835 1009 1901 etiam
1030 1854 1060 1902 v.
1084 1835 1113 1900 d.
1141 1834 1260 1900 Esius¹
1287 1837 1372 1901 hanc

266 1933 438 1999 formulam
459 1934 678 2018 interpretari
699 1937 785 2002 idem
808 1937 898 2003 ducit
915 1942 1014 2016 atque
1029 1934 1225 2017 Aethiopem
1246 1936 1370 2000 lavare.

267 2032 331 2099 Sed
352 2033 542 2116 priusquam
564 2036 637 2102 viro
660 2037 848 2103 doctissimo
870 2036 1084 2102 concedamus
1098 2036 1184 2101 hunc
1205 2036 1308 2101 locum
1329 2035 1371 2101 iis

266 2133 515 2201 adscribendum
539 2155 620 2220 esse,
644 2155 725 2218 quos
746 2137 929 2202 insanabile
951 2135 1068 2201 vulnus
1084 2136 1252 2218 afflixerit,
1275 2155 1371 2216 quae

265 2253 376 2302 ramus
399 2255 442 2301 an
463 2237 631 2304 sententia
653 2243 734 2320 apta
756 2257 796 2303 ex
818 2236 928 2303 verbis
951 2235 1099 2317 expediri
1120 2237 1242 2318 possit3
1272 2245 1372 2317 atque

267 2333 358 2416 prius
392 2336 520 2418 quidem
554 2337 738 2417 videamus,
772 2355 835 2417 quo
868 2337 961 2400 modo
994 2336 1097 2400 verba
1131 2336 1305 2402 scribenda
1338 2349 1372 2401 et

266 2435 489 2520 intellegenda
511 2437 592 2519 sint,
625 2436 741 2501 deinde
768 2455 844 2501 num
873 2436 954 2500 haec
979 2436 1033 2500 lex
1060 2454 1119 2516 pro
1148 2455 1187 2502 ea
1220 2438 1372 2504 habenda

267 2537 322 2609 sit,
345 2557 442 2617 quam
464 2537 683 2618 Apollodorus
705 2535 846 2600 scribam
868 2537 980 2618 legere
998 2536 1108 2618 jussit.

350 2655 480 2720 Summa
501 2655 589 2719 inter
605 2655 693 2721 viros
709 2653 823 2718 doctos
845 2652 1005 2719 dissensio
1022 2658 1083 2737 est,
1107 2665 1141 2720 et
1156 2656 1212 2737 qui
1226 2656 1371 2722 homines

267 2753 379 2820 verbis
402 2755 467 2816 ὅσοι
486 2756 530 2842 μὴ
552 2752 730 2841 ἐπεποίηντο
752 2752 997 2836 significentur,
1028 2754 1116 2820 cives
1145 2754 1228 2821 facti
1250 2774 1292 2820 an
1313 2754 1372 2819 filii

266 2853 431 2936 adoptati,
454 2859 488 2919 et
518 2855 560 2919 ad
589 2858 698 2918 utrum
720 2854 871 2934 verbum,
900 2853 944 2918 ad
966 2854 1143 2942 ἐπεποίηντο
1166 2873 1209 2920 an
1232 2855 1275 2919 ad
1304 2855 1371 2917 δια-

267 2954 384 3029 θέσθαι,
395 2954 584 3037 pertineant
595 2955 698 3020 verba
714 2954 794 3017 ὥστε
809 2952 880 3042 μῆτῗ
895 2956 1031 3018 ἀπειπεῖν
1047 2952 1116 3042 μήτ’
1135 2953 1370 3018 ἐπιδικάσασθαι.

269 3055 363 3140 Quod
385 3062 495 3121 autem
517 3056 559 3121 ad
574 3055 716 3138 priorem
732 3055 956 3136 quaestionem
973 3054 1104 3137 attinet,
1120 3056 1373 3120 Demosthenem

266 3161 458 3238 ceterosque
479 3164 628 3223 oratores
651 3174 762 3222 vocem
786 3161 881 3219 ποιεῖν
909 3156 949 3222 de
976 3153 1035 3219 filii
1061 3153 1276 3236 adoptatione
1304 3152 1372 3234 qui·

266 3258 354 3341 dem,
376 3257 486 3323 verbis
519 3259 581 3320 οἱον
602 3258 654 3324 vel
684 3257 776 3319 παῖδα
805 3256 968 3338 appositis
995 3256 1048 3321 rel
1076 3253 1249 3338 neglectis,
1281 3273 1372 3320 usur·

266 3376 364 3439 passe
393 3357 654 3423 Schoemannus²
686 3357 936 3438 demonstravit,
969 3357 1027 3422 sed
1057 3356 1178 3437 locum,
1208 3373 1270 3435 quo
1292 3374 1372 3421 uoce

268 3461 371 3531 ποιεῖν,
393 3457 503 3523 verbis
527 3457 647 3545 πολίτην
669 3465 728 3522 aut
749 3455 902 3545 Ἀθηναῖοι
934 3474 998 3522 non
1026 3453 1205 3538 appositis,
1238 3454 1371 3519 donatio

267 3557 415 3624 civitatis
451 3557 714 3641 significaretur,
751 3556 899 3639 reperire
941 3575 1005 3621 non
1041 3555 1143 3637 potui.
1199 3556 1312 3635 Neque
1344 3554 1373 3620 si

266 3659 481 3746 posteriorem
503 3677 571 3723 rem
593 3663 840 3724 controversam
867 3656 1055 3722 accuratius
1088 3655 1264 3737 perpendo,
1294 3654 1372 3719 mihi

267 3765 403 3843 propter
424 3760 599 3828 verborum
622 3759 889 3841 compositionem
912 3776 971 3840 per
994 3776 1029 3823 se
1050 3756 1100 3822 ita
1120 3753 1298 3822 verisimile
1321 3762 1372 3821 est

266 3864 371 3928 Verba
403 3862 439 3926 τά
461 3861 573 3925 ἑαυτοῦ
603 3858 762 3924 διαθέσθαι
785 3863 819 3925 et
841 3859 921 3922 ὥστε
946 3855 1016 3945 μήτ’
1048 3857 1185 3919 ἀπειπεῖν
1208 3851 1277 3940 μήτ’
1306 3855 1372 3917 ἐπι-

352 4032 359 4059 ¹
379 4028 412 4083 of.
431 4043 484 4083 van
501 4028 554 4082 den
570 4027 616 4096 Ee,
634 4028 667 4083 de
680 4028 742 4096 jure
760 4026 925 4081 familiarum
942 4024 1013 4091 apud
1029 4018 1210 4074 Athenienses
1227 4036 1253 4086 p.
1271 4021 1312 4073 83.

350 4113 410 4167 'ci
431 4112 607 4167 Schoemanni
623 4112 653 4166 in
670 4112 779 4165 Idaeum
796 4112 939 4164 comment.
957 4122 982 4174 p.
999 4105 1059 4160 200.
