3234 4834
794 254 835 313 28

260 449 364 528 esset,
397 465 457 528 per
490 465 526 512 se
558 465 623 514 non
644 447 822 514 verisimile
850 447 984 514 videtur
1005 449 1226 515 Athenienses
1257 450 1363 531 legem

260 550 329 611 tam
342 544 501 612 incertam
517 546 581 613 sibi
595 547 763 614 statuisse.
808 549 921 630 Neque
933 553 971 615 11
985 548 1221 630 posterioribus
1237 549 1361 617 demum

259 645 462 728 temporibus
489 648 571 713 haec
597 649 699 714 verba
726 647 842 714 addita
865 667 940 714 esse
966 649 1184 730 demonstret,
1213 647 1363 730 proferat

259 746 332 828 quis
353 747 462 829 paullo
483 747 572 813 inira
594 749 634 814 de
656 748 764 814 eurisis
786 748 999 815 hereditariis
1021 748 1140 817 civium
1162 753 1197 815 et
1218 749 1363 832 peregri-

258 866 372 913 norum
394 848 468 931 agi,
491 866 562 914 cum
583 848 637 915 lex
659 849 699 914 de
721 847 863 913 civium¹
883 848 977 914 modo
1004 849 1113 914 causis
1141 847 1200 928 sit3
1226 866 1303 913 narn
1328 847 1363 913 in

258 948 365 1014 altera
384 948 469 1032 legis
491 952 588 1030 parte
610 948 793 1030 expositum
816 967 888 1014 esse
910 948 1018 1030 potuit
1047 948 1133 1014 idem
1155 947 1196 1014 de
1216 948 1363 1031 peregri·

258 1066 372 1114 norum
386 1048 627 1114 hereditatibus
638 1049 758 1115 valere.
803 1051 913 1132 Atque
923 1067 965 1116 ue
979 1048 1013 1115 id
1024 1048 1154 1131 quidem
1170 1048 1363 1114 concludere

258 1153 310 1213 est
341 1166 475 1215 necesse
506 1147 678 1214 formulam
706 1148 866 1214 traditam
898 1167 962 1215 non
996 1168 1068 1215 esse
1100 1149 1282 1231 integram,
1305 1148 1363 1214 sed

258 1247 394 1313 scribam
417 1248 553 1314 alteram
575 1266 697 1329 quoque
717 1252 842 1330 partem
874 1247 1048 1328 recitasse3
1078 1248 1130 1316 hio
1151 1248 1234 1314 enirn
1256 1252 1363 1315 orator

257 1347 444 1415 1111111111
469 1346 645 1437 significat,
667 1346 700 1412 id
722 1347 804 1429 quod
833 1347 910 1413 alibi
939 1348 1065 1430 saepius
1091 1348 1245 1431 tacitae
1269 1368 1363 1499 argu·

257 1453 397 1515 mentum
418 1448 499 1533 legis
519 1467 661 1515 narrare.

340 1782 406 1851 Sub
427 1783 521 1850 finem
543 1785 695 1851 orationis
716 1785 946 1867 Apollodorus,
976 1790 1014 1852 ut
1040 1786 1218 1868 Stephano,
1248 1786 1363 1868 quippe

256 1883 310 1965 qui
336 1883 470 1951 insidias
496 1884 624 1968 iecerit,
651 1889 769 1953 metum
796 1885 948 1968 incutiat,
982 1886 1120 1952 scribam
1149 1888 1233 1953 hanc
1259 1887 1362 1970 legem

255 1984 392 2050 recitare
407 1984 512 2068 jubet:
1152 2072 1158 2085 .
1419 1981 1422 1985 ’

380 2100 443 2165 bido
473 2126 517 2179 τις
545 2101 713 2191 συνίστηται
746 2102 765 2190 ἢ
796 2104 983 2192 συνδεκάζῃῖ
1015 2105 1069 2192 τὴν
1101 2103 1216 2190 ἡλιαίαν
1248 2102 1267 2190 ἢ
1301 2108 1360 2167 τῶν

380 2202 580 2290 δικαστηρίων
607 2227 635 2267 τι
655 2207 714 2266 τῶν
741 2201 932 2291 Ἀδῆνησινῆ
960 2204 1012 2292 τὴν
1034 2204 1164 2292 βουλήν,
1185 2204 1232 2267 ἐπὶ
1258 2203 1360 2288 δωρο-

380 2301 467 2390 δοκίᾳ
482 2303 630 2390 χρήματα
652 2302 755 2379 διδοὺς
773 2301 818 2389 {7²
839 2303 1012 2388 δεχόμενος,
1034 2303 1053 2391 ἢ
1075 2303 1225 2388 ἑταιρείαν
1239 2306 1362 2391 συνιστῇ

380 2403 428 2467 ἐπὶ
458 2405 618 2468 καταλύσει
657 2408 710 2467 τοῦ
742 2404 855 2490 δήμου,
888 2402 907 2490 ἢ
939 2405 1105 2492 συνήγορος
1139 2403 1183 2468 ὢν
1221 2402 1361 2490 λαμβάνῃ

375 2503 523 2590 χρήματα
545 2502 592 2567 ἐπὶ
615 2509 680 2579 ταῖς
698 2502 793 2580 δίκαις
814 2509 879 2580 ταῖς
898 2502 985 2580 ἰδίαις
1004 2504 1023 2592 ἢ
1052 2503 1215 2591 δημοσίαις,
1246 2503 1360 2567 τούτων

380 2603 455 2668 εἶναι
478 2604 532 2680 τὰς
550 2604 670 2689 γραφὰς
690 2606 769 2688 πρὸς
788 2604 860 2681 τοὺς
880 2603 1075 2687 terpretetur.

338 2753 410 2839 Qua
431 2753 463 2820 in
485 2754 677 2836 legensque
698 2757 811 2820 contra
837 2772 1011 2821 sermonem
1040 2772 1142 2835 neque
1171 2757 1282 2819 contra
1308 2771 1360 2818 res

253 2855 341 2938 ipsas
368 2855 538 2936 quidquam
567 2854 685 2919 dictum
715 2859 772 2920 est.
824 2855 877 2920 De
904 2873 1047 2921 sermone
1074 2854 1199 2920 dubitet
1222 2853 1361 2921 fortasse

255 2955 426 3038 quispiam,
463 2954 539 3037 quid
574 2953 753 3038 significent
791 2956 892 3021 verba
927 2952 1096 3043 συνίστηται
1128 2952 1147 3042 ἢ
1180 2956 1360 3042 συνδεκάζῃ;

235 3051 441 3122 'Heffterus³
472 3059 581 3137 putat,
602 3074 681 3121 voce
701 3053 969 3138 aer-significari
1002 3055 1042 3121 de
1067 3059 1135 3121 toto
1157 3054 1275 3138 judicio
1302 3056 1361 3122 boc

253 3159 322 3224 loco
354 3155 425 3241 agi3
457 3155 513 3222 sed
544 3154 661 3221 rectius
691 3155 877 3224 Voemelius
905 3155 1016 3222 vertit:
1061 3155 1109 3238 „si
1135 3155 1205 3237 quis
1233 3156 1360 3238 adjutor

253 3257 351 3324 fuerit
371 3256 617 3338 corrumpendae
637 3255 809 3321 heliaeae“:
832 3275 906 3321 nam
929 3256 1005 3321 talis
1028 3255 1218 3338 significatio
1233 3255 1359 3336 saepius

254 3358 286 3425 in
314 3355 547 3441 praepositione
572 3380 644 3420 συν-
670 3356 764 3421 inest.
807 3356 888 3422 Cum
916 3366 1023 3421 autem
1052 3374 1154 3436 neque
1181 3356 1253 3421 aliis
1281 3356 1359 3422 loeis

253 3463 507 3541 praeceptorum,
534 3477 614 3537 quae
640 3455 690 3523 his
721 3457 883 3523 contraria
912 3456 990 3536 sint,
1026 3455 1143 3521 mentio
1172 3456 1356 3537 fiatneque

253 3559 337 3628 inter
368 3558 448 3641 legis
480 3557 648 3623 formulam
681 3562 715 3623 et
734 3558 835 3625 verba
866 3555 1011 3637 oratoria,
1044 3574 1125 3637 quae
1156 3557 1358 3639 praecedunt,

339 3757 479 3828 ¹Nomine
506 3774 566 3811 cum
592 3757 711 3812 articulo
739 3757 882 3826 conjuncto
912 3757 967 3825 (τὸν
997 3758 1126 3830 ἄρχοντα)
1155 3756 1256 3827 primus
1282 3757 1359 3810 modo

253 3844 353 3900 archon
370 3840 547 3911 significatur.

336 3924 525 3980 'Rectissime
539 3925 597 3994 jam
614 3923 724 3978 Hieron.
742 3924 860 3979 Wolfius
885 3927 1027 3998 συνδεκάζῃ
1054 3926 1225 3997 11111111ςῆ
1252 3922 1360 3994 scripsit

252 4028 301 4082 pro
319 4009 416 4078 verbis,
436 4007 550 4078 quaein
568 4006 702 4062 codicibus
719 4011 837 4074 exstant,
855 4011 991 4082 σονδικάζρ
1010 4014 1039 4063 11
1056 4012 1190 4065 διδοῦσαν.

336 4094 398 4150 ’1.
417 4095 435 4149 1.
453 4093 471 4149 r.
489 4109 514 4161 p.
534 4092 591 4146 154.
