3234 4834
788 272 808 333 8
848 348 851 353 ,

332 470 403 536 Non
425 469 532 535 miurus
554 470 633 536 mihi
647 471 779 538 videtur
801 472 944 554 genuina
966 490 1038 537 esse
1061 472 1123 553 lex,
1146 491 1230 552 quae
1245 471 1351 550 altero

247 571 318 636 loco
341 574 463 652 exstat,
485 569 618 636 ineunte
640 570 660 656 ξ
684 573 739 637 12;

379 706 445 769 Τοῖν
479 706 635 770 ἀντιδίκοιν
667 707 832 789 ἐπάνοριες
861 706 936 771 εἶναι
968 706 1187 791 ἀποκρίνασθαι
1218 708 1355 795 ἀλλήλοις

373 809 407 871 τι)
429 806 638 891 ἐρωτώμενον,
657 812 826 892 μαρτυρεῖν
847 808 883 871 δὲ
901 808 954 896 μή.

331 938 424 1023 Quod
466 939 509 1005 ad
543 940 718 1006 verborum
754 941 1031 1008 constructionem
1073 943 1209 1026 attinet,
1249 945 1352 1011 verba

244 1043 413 1124 μαρτυρεῖν
434 1040 470 1104 δὲ
488 1041 533 1129 μή
554 1059 618 1106 non
640 1061 700 1124 per
722 1059 757 1108 se
780 1043 851 1107 sola
872 1047 963 1108 stare
978 1047 1125 1127 possunt,
1147 1044 1205 1110 scd
1221 1046 1352 1129 conjun-

247 1140 355 1223 genda
388 1145 466 1207 sunt
495 1160 567 1207 cum
587 1141 698 1208 verbis
732 1145 792 1206 τοῖν
826 1142 982 1207 ἀντιδίκοιν
1014 1144 1179 1225 ἐπάναγκες
1208 1144 1284 1208 εἶναι
1318 1147 1351 1208 τὸ

246 1241 446 1326 ἐρωτώμενον
473 1242 616 1330 ἀλλήλοις,
648 1242 698 1308 ita
730 1247 768 1308 nt
799 1263 880 1326 non,
915 1244 1000 1325 quod
1028 1243 1219 1311 Heffterus¹
1253 1252 1352 1328 atque

246 1340 443 1407 Darestius²
463 1342 651 1425 voluerunt,
684 1342 921 1425 interdicatur,
951 1363 992 1409 ne
1025 1344 1096 1424 quis
1128 1363 1187 1425 pro
1215 1365 1251 1411 se
1278 1347 1351 1428 ipso

246 1445 407 1524 testetur,
442 1442 500 1508 sed
532 1445 617 1524 quod
649 1442 911 1510 Schoemaunus³
942 1441 1121 1526 intellexit,
1156 1452 1350 1529 exponatur,

248 1542 364 1624 quibus
400 1542 586 1610 adversarii
620 1544 910 1625 provocationibus
945 1544 974 1608 is
1011 1543 1066 1625 qui
1103 1543 1218 1627 litigat
1254 1547 1350 1613 satis·

245 1644 356 1710 facere
378 1643 507 1710 debeat.

328 1760 400 1826 Hoc
415 1766 524 1825 autem
540 1763 752 1841 praeceptum
767 1758 972 1847 aptissimum
991 1766 1042 1826 est
1059 1760 1191 1845 judiciis
1207 1762 1350 1828 Atticis⁴

247 1860 433 1943 optimeque
454 1861 597 1946 quadrat
618 1863 661 1927 ad
683 1862 822 1926 alteram
844 1860 960 1943 legem,
984 1881 1048 1942 qua
1066 1863 1286 1945 statuebatur,
1308 1882 1350 1929 ne

246 1962 318 2043 quis
340 1962 382 2027 ab
405 1962 597 2028 adversario
624 1965 823 2043 provocatus
850 1979 962 2028 servos
990 1961 1189 2042 torquendos
1215 1965 1350 2029 tradere

245 2063 406 2129 deberet.⁵

328 2179 393 2246 Sed
414 2180 518 2245 hacne
539 2180 614 2263 lege
636 2198 672 2245 re
694 2197 776 2245 vera
793 2181 997 2246 demonstrat
1013 2182 1240 2266 Apollodorus,
1264 2185 1349 2265 quod

244 2281 470 2347 demonstrare
481 2279 595 2361 voluit,
616 2280 844 2347 Phormionem
867 2289 983 2349 contra
1004 2284 1097 2367 leges
1119 2284 1254 2367 fecisse,
1277 2303 1349 2351 cum

243 2400 303 2464 pro
325 2399 362 2447 se
382 2380 454 2464 ipso
474 2380 686 2447 testaretur?
728 2382 881 2465 Apparet
895 2384 980 2450 hanc
994 2385 1099 2468 legem
1115 2386 1158 2450 ad
1172 2386 1206 2450 id
1221 2387 1349 2451 demon·

243 2481 415 2548 strandum
436 2479 567 2546 minime
589 2500 663 2548 esse
691 2485 818 2566 aptam,
841 2485 899 2549 sed
930 2503 1120 2569 caveamus,
1149 2506 1190 2552 ne
1217 2506 1258 2552 ex
1286 2487 1349 2552 hac

243 2601 281 2648 re
302 2581 416 2649 statim
438 2581 666 2648 concludamus
688 2583 861 2650 formulam
882 2604 946 2650 non
977 2604 1050 2652 esse
1072 2586 1261 2670 genuinam,
1290 2589 1348 2655 sed

243 2681 481 2765 posterioribus
504 2681 631 2749 demum
652 2684 855 2766 temporibus
878 2686 1094 2770 suppositam,
1123 2688 1219 2754 immo
1242 2693 1348 2756 atten-

245 2785 358 2849 damus
403 2783 445 2848 ad
482 2802 538 2867 ea,
576 2803 661 2865 quae
696 2785 868 2852 Blassius⁰
903 2787 943 2852 de
979 2787 1041 2852 hoc
1076 2788 1146 2853 loco
1183 2789 1348 2856 disseruit.

243 2883 493 2950 Demonstravit
508 2882 594 2950 enim
604 2885 657 2951 vir
672 2885 878 2954 doctissimus
890 2888 1132 2972 Apollodorum,
1149 2891 1205 2971 qui
1219 2891 1349 2972 saepius

242 2983 277 3049 in
295 2984 358 3050 hac
373 2984 522 3052 oratione
544 2986 636 3070 leges
659 3007 698 3053 ex
720 3007 780 3055 sua
800 2988 949 3055 utilitate
965 2988 1189 3073 detorqueret,
1204 2990 1349 3056 hocloco

242 3085 403 3169 Judicibus
424 3086 591 3170 imponere
607 3090 729 3173 conari,
752 3110 824 3157 cum
845 3090 880 3155 id
895 3091 980 3172 quod
998 3093 1066 3175 jam
1081 3111 1140 3173 per
1160 3111 1196 3158 se
1210 3090 1348 3158 vetitum

244 3191 328 3271 erat,
350 3188 511 3255 neminem
533 3208 592 3272 pro
615 3209 650 3256 se
671 3190 743 3274 ipso
764 3190 899 3272 testari,
923 3193 1064 3273 probare
1090 3192 1241 3258 studeret
1267 3190 1348 3274 lege,

328 3357 336 3386 ¹
355 3354 387 3408 11.
405 3355 519 3423 Heffter,
538 3357 571 3410 de
590 3356 681 3410 ordine
696 3356 859 3423 J'udiciorum
877 3357 953 3411 attic.
971 3375 996 3425 p.
1014 3359 1073 3412 304.

327 3439 338 3468 ²
354 3438 456 3492 Reddit
475 3438 546 3493 enim
563 3438 606 3493 vir
623 3438 796 3494 doctissimus
814 3439 983 3495 inversione
1008 3456 1058 3494 sua
1079 3440 1270 3496 Demosthenis
1292 3457 1349 3494 ora·

244 3520 348 3576 tiormm
365 3520 534 3588 privatarum
551 3522 604 3576 vol.
615 3521 652 3575 ΙΙ.
670 3539 695 3590 p.
708 3525 766 3578 300.
784 3524 869 3578 verba
885 3524 955 3592 legis
967 3524 1171 3593 Francogallice
1188 3525 1239 3578 hoc
1256 3525 1348 3578 modo:

241 3605 294 3659 Les
321 3605 391 3658 deux
412 3604 515 3675 parties
543 3610 635 3659 serunt
660 3610 755 3659 tenues
777 3607 810 3660 111
833 3609 964 3675 repondre
990 3625 1044 3662 aux
1067 3608 1213 3676 questions,
1238 3607 1349 3675 qu'elles

242 3688 436 3743 s'adresseront
465 3689 537 3743 l'une
567 3692 583 3743 a
611 3689 722 3758 l'autre,
753 3691 820 3745 mais
849 3692 915 3747 elles
943 3709 978 3747 ne
1007 3697 1099 3747 seront
1126 3707 1176 3760 pas
1203 3690 1349 3745 entendues

241 3787 345 3826 comme
362 3772 487 3827 temoins.

325 3856 387 3910 ‘ct
406 3856 423 3910 l.
442 3857 460 3911 l.
477 3875 504 3928 p.
522 3859 579 3912 611.

325 3944 336 3971 ·
354 3941 386 3995 cf.
404 3941 467 4009 Lyn.
486 3948 554 3997 orat.
574 3943 605 3995 13
623 3943 639 4010 ἕ
655 3945 701 4007 323
720 3948 789 3998 orat.
809 3945 841 3997 12
858 3944 874 4011 ᾖ
892 3945 937 4008 253
975 3943 1048 3997 Isaei
1066 3949 1133 3999 orat.
1155 3945 1183 3997 ll
1202 3944 1218 4011 ἕ
1236 3945 1259 3997 5.

324 4026 335 4055 ⁸
354 4024 388 4078 cf.
405 4024 491 4080 Meier
508 4032 537 4080 et
555 4026 728 4094 Schoemanu,
747 4027 764 4081 l.
783 4026 799 4079 l.
818 4043 844 4095 p.
863 4027 920 4083 681.

325 4108 579 4176 ’1111Ὴ1
