3234 4834
787 275 828 337 30

255 469 426 538 contendit.
469 471 578 554 HuJ'us
600 471 647 538 rei
667 490 708 538 ne
723 470 893 555 vestigium
908 470 1034 553 quidem
1048 470 1081 537 in
1096 469 1204 538 verbis
1224 468 1362 536 oratoris

256 571 423 655 reperitur,
446 571 502 637 sed
523 571 702 638 rectissime
721 573 993 639 Westermaunus
1013 571 1152 639 ostendit
1172 570 1272 637 verba
1295 571 1363 654 περὶ

255 674 350 738 αὐτοῦ
378 673 486 737 τούτου
507 672 723 755 βασανίζεσθαι
753 673 841 741 nulio
872 677 967 756 pacto
998 674 1041 739 ad
1072 673 1159 739 aliud
1190 670 1362 758 quidquam

255 773 416 855 pertinere
437 790 530 855 posse
550 771 613 839 nisi
639 773 685 839 ad
708 774 824 856 verba,
851 792 933 854 quae
961 793 1057 856 supra
1083 772 1159 839 iecit
1187 777 1295 838 orator
1323 771 1364 836 de

255 879 398 957 tempore
432 872 623 956 nuptiarum.
687 874 841 939 Fortasse
876 878 983 940 autem
1015 873 1093 939 mibi
1131 892 1272 956 opponas
1303 872 1363 937 boc

256 992 380 1055 qrroque
400 973 469 1040 loco
489 974 649 1041 inscitiam
678 974 814 1041 oratoris
846 993 1016 1058 apparere,
1043 975 1097 1056 qui
1124 974 1232 1058 inepte
1257 972 1363 1039 verbis

257 1075 351 1138 αὐτοῦ
375 1075 483 1138 τούτου
505 1075 588 1141 banc
608 1094 685 1156 rem,
708 1093 790 1156 quae
811 1074 993 1142 testimonio
1014 1076 1246 1158 comprobatur,
1269 1073 1363 1157 signi·

256 1173 360 1240 ficare.
373 1174 526 1257 voluerit,
561 1176 618 1241 sed
651 1174 777 1241 etiamsi
811 1175 894 1241 hane
926 1176 1117 1242 seutentiam
1149 1176 1363 1257 probaremus

257 1280 365 1343 tamen
395 1295 459 1342 non
490 1276 623 1343 multum
654 1276 889 1359 proficeremus
912 1296 982 1343 cum
1011 1277 1095 1344 aliae
1121 1296 1243 1357 quoque
1271 1277 1365 1342 oden·

257 1376 361 1443 siones
382 1375 456 1442 sint.

339 1493 380 1559 In
412 1492 594 1560 testimonio
622 1493 704 1560 euim
736 1513 772 1561 re
798 1514 877 1561 vera
905 1496 1009 1561 altera
1038 1514 1113 1577 pars
1143 1513 1259 1571 eorum,
1282 1492 1364 1576 quae

258 1598 366 1660 orator
386 1593 591 1676 promiserat,
613 1596 849 1678 comprobatur,
873 1597 929 1661 sed
958 1596 1070 1677 quibus
1091 1595 1198 1663 verbis
1225 1615 1365 1677 compro-

258 1695 366 1762 batur!
395 1695 466 1761 Iam
476 1694 627 1761 Reiskius
638 1695 774 1778 suojure
786 1697 1004 1762 offendebatur
1014 1698 1182 1763 verborum
1193 1701 1364 1778 structura,

258 1801 413 1876 quaeest
444 1797 496 1858 ὅτε
529 1796 726 1880 προύκαλεῖτο
750 1797 974 1881 Απολλόδωρος
1005 1796 1166 1882 Φορμίωνα
1199 1799 1251 1861 ὅτε
1283 1796 1365 1884 ἠξίου

260 1896 485 1981 Απολλόδωρος
500 1895 676 1980 Φορμίωνα
691 1914 786 1977 quam
801 1895 1003 1963 offensionem
1017 1896 1064 1963 ita
1078 1897 1192 1962 tollere
1206 1898 1366 1980 studebat,

259 2000 297 2062 ut
317 2000 376 2063 aut
396 1998 496 2064 verba
519 1998 570 2060 ὅτε
592 1995 676 2084 ἠξίου
697 2001 838 2064 mutaret
858 1996 891 2063 in
920 2000 969 2062 καὶ
997 1997 1080 2086 peteo
1106 2000 1163 2063 aut
1184 1999 1284 2064 verba
1313 1999 1365 2060 ὅτε

259 2096 344 2185 ἠξίου
379 2096 604 2182 Ἀπολλόδωρος
638 2096 801 2182 Φορμίωνα
836 2100 1019 2174 ἀποδοῦναι,
1054 2104 1092 2164 ut
1122 2097 1312 2180 interpositu
1344 2117 1365 2162 a

258 2198 390 2265 falsario
418 2197 541 2279 aliquo,
572 2216 611 2264 ex
638 2200 808 2265 verborum
835 2218 955 2265 conexu
980 2199 1117 2265 tolleret.
1161 2197 1266 2283 Quam
1295 2217 1365 2264 con·

255 2297 412 2381 jecoram
427 2316 618 2379 quamquam
633 2298 824 2365 Schoeferus
839 2305 846 2334 ¹
867 2299 988 2382 rejecit,
1010 2303 1118 2365 tamen
1133 2318 1202 2365 cum
1217 2299 1366 2365 Beelsio²

259 2397 455 2480 ingeniosam
475 2416 578 2479 neque
598 2397 646 2462 ita
667 2398 827 2465 difficilem
849 2418 919 2466 esse
940 2399 1095 2466 existimo.
1139 2400 1202 2466 Sed
1217 2399 1292 2480 quid
1307 2399 1366 2464 boc

259 2498 390 2580 prodest
421 2497 464 2563 ad
496 2497 726 2565 defendendam
755 2501 838 2565 hanc
869 2499 1053 2582 formulam,
1085 2519 1156 2565 cum
1188 2499 1299 2565 statim
1331 2497 1364 2562 in

260 2598 367 2665 uerbis
380 2597 383 2604 '
397 2615 480 2678 quae
507 2602 697 2681 sequuntur,
729 2599 795 2666 alia
826 2599 956 2682 grauior
987 2599 1116 2666 offensio
1147 2598 1246 2665 insit?
1295 2597 1366 2683 Quo

261 2697 352 2763 modo
374 2696 457 2763 enim
487 2697 693 2781 explicemus,
724 2699 806 2780 quod
837 2699 871 2765 iu
903 2699 1083 2766 testimonio
1116 2704 1247 2766 exstant
1267 2700 1367 2767 verba

265 2797 316 2885 τὴν
336 2796 457 2884 μητέρα
480 2799 533 2885 τὴν
554 2797 652 2886 cpida?
693 2800 768 2865 Hoc
788 2800 858 2866 ioco
878 2820 942 2867 uon
967 2800 1044 2868 licet
1070 2805 1186 2883 putare
1206 2802 1306 2869 verba
1328 2818 1367 2865 ex

264 2895 530 2979 interpretatione
558 2897 742 2979 posterioris
768 2900 971 2984 grammatici
998 2907 1070 2969 orta
1105 2921 1191 2986 esse,
1223 2902 1280 2969 sed
1307 2903 1367 2968 bac

262 3018 326 3066 una
347 3002 474 3065 tautum
495 2998 622 3067 ratione
641 3000 724 3066 hanc
745 3000 945 3070 offensionem
967 3003 1086 3070 reicere
1105 3003 1233 3087 poteris,
1261 3003 1289 3069 si
1316 3003 1367 3067 de

264 3098 456 3168 monstrabis
478 3100 558 3166 haec
579 3101 678 3167 verba
699 3119 769 3167 esse
790 3109 954 3187 corrupta3
979 3109 1123 3171 attamen
1145 3104 1222 3170 mihi
1243 3103 1366 3185 quidem

263 3199 368 3268 facilis
389 3199 524 3266 mutatio
546 3220 609 3267 non
630 3205 681 3267 est
701 3208 840 3287 praesto.

345 3308 492 3389 Denique
524 3308 598 3389 quid
629 3310 758 3392 probari
786 3318 893 3394 potest
924 3312 1115 3395 testimonio,
1148 3312 1181 3378 in
1213 3331 1274 3392 quo
1304 3330 1367 3377 non

265 3412 550 3476 commemorantur
569 3409 697 3476 uomina
718 3410 872 3477 testium?
924 3411 1013 3478 Huic
1041 3411 1204 3479 offensioni
1230 3412 1258 3478 si
1284 3411 1368 3478 forte

264 3528 415 3593 opponas,
438 3510 500 3575 hac
521 3527 560 3574 ex
580 3528 616 3575 re
637 3510 781 3576 concludi
802 3531 866 3578 non
886 3532 980 3595 posse
993 3512 1208 3581 testimonium
1221 3532 1285 3579 non
1300 3531 1370 3579 esse

263 3610 443 3695 genuinum,
466 3609 547 3691 quod
567 3629 670 3705 neque
689 3611 832 3698 sabario,
855 3632 946 3695 quem
967 3613 1135 3681 formulam
1157 3612 1369 3697 composuisse

213 3765 222 3785 ,
263 3716 381 3795 putem,
402 3711 451 3777 ita
471 3729 621 3795 maguum
642 3712 740 3779 fuerit
764 3714 927 3799 negotium
953 3715 1082 3783 nomina
1107 3715 1238 3782 testium
1267 3733 1369 3781 emen·

264 3812 328 3897 tiri,
351 3816 385 3879 et
404 3808 532 3878 nomina
553 3831 573 3877 a
594 3812 724 3881 librario
751 3814 875 3897 aliquo,
904 3835 974 3882 cum
1000 3817 1042 3882 ad
1066 3836 1118 3883 res
1144 3815 1369 3900 intelligendas

350 4016 357 4044 ¹
377 4011 411 4066 cf.
429 4017 590 4080 apparatum
607 4013 729 4070 criticum
748 4015 789 4069 ad.
807 4015 833 4069 h.
851 4015 869 4070 l.

349 4096 360 4126 ¹
378 4094 412 4150 cf.
430 4095 447 4149 i.
465 4095 483 4150 i.
501 4112 527 4164 p.
545 4099 602 4152 121.
