3234 4834
335 1138 516 1219 Postquam
532 1136 602 1220 jam
625 1136 817 1203 dissertatio
838 1155 911 1201 mea
933 1137 1024 1219 typis
1046 1135 1214 1218 exscripta
1239 1140 1300 1217 est,
1322 1134 1356 1199 in

253 1239 336 1305 Mus.
359 1239 464 1304 Rhen.
486 1239 548 1305 vol.
571 1240 612 1303 40
635 1258 666 1319 p.
689 1239 751 1303 377
766 1257 814 1318 sq.
836 1237 1015 1304 Kirohneri
1035 1238 1075 1304 de
1097 1236 1356 1303 testimoniorum

253 1338 401 1403 formulis
422 1339 457 1404 in
478 1338 659 1404 orationem
682 1339 842 1405 adversus
860 1339 1022 1403 Neaeram
1044 1338 1179 1404 insertis
1202 1355 1357 1402 commen-

254 1437 337 1504 tatio
361 1438 452 1504 edita
473 1444 534 1504 est.
578 1437 650 1521 Qua
672 1439 706 1504 in
728 1439 922 1519 quaestione
944 1437 996 1503 vir
1022 1437 1228 1503 doctissimus
1258 1435 1357 1517 pluri-

253 1537 314 1604 mis
346 1538 425 1603 locis
447 1538 532 1604 idem
555 1539 694 1622 censuit,
723 1539 808 1620 quod
834 1537 914 1603 mihi
938 1557 1065 1619 quoque
1091 1536 1229 1620 placuit,
1258 1541 1358 1617 atque

254 1637 354 1703 etiam
376 1638 543 1719 complura
564 1638 597 1704 in
625 1638 823 1704 testimoniis
850 1643 1102 1704 commemorata
1126 1639 1258 1704 nomina
1283 1636 1357 1702 aliis

254 1756 382 1819 quoque
416 1737 497 1804 loeis
533 1745 666 1805 exstare
701 1738 942 1805 demonstravit
973 1743 1008 1803 et
1039 1738 1121 1803 duas
1154 1740 1357 1821 conjecturas

254 1838 415 1920 protueit,
445 1858 582 1920 quarum
615 1839 743 1904 altera¹
774 1839 855 1904 milri
886 1838 1065 1920 probabilis
1091 1838 1231 1905 videtur.
1274 1839 1358 1903 Non-

254 1937 351 2003 nullis
373 1941 483 2003 autem
504 1939 594 2018 loeis,
618 1947 656 2004 ut
669 1938 703 2003 in
718 1937 944 2004 examinandis
961 1938 1167 2021 testimoniis,
1184 1939 1224 2004 de
1242 1937 1358 2019 quibus

255 2057 286 2118 p.
308 2038 364 2120 39,
391 2038 450 2119 41,
471 2039 531 2120 45,
563 2038 606 2102 49
638 2037 822 2120 disputavi,
855 2037 907 2103 vir
940 2036 1148 2103 doctissimus
1181 2056 1219 2103 eo
1250 2038 1358 2103 studio

254 2137 427 2219 impulsus²
450 2141 488 2202 ut
519 2137 677 2206 formulas
707 2158 817 2205 omnes
845 2140 888 2204 ad
916 2158 1014 2204 unam
1043 2137 1203 2219 genuinas
1232 2139 1359 2203 demon·

254 2242 393 2324 straret,
427 2236 637 2305 offensiones
659 2240 702 2305 ab
734 2239 937 2306 adversariis
974 2237 1122 2320 prolatas
1153 2237 1277 2303 minimi
1307 2237 1360 2303 vel

255 2338 377 2404 nullius
399 2339 527 2405 omnino
550 2340 704 2407 momenti
726 2360 799 2406 esse
821 2339 1000 2423 judicavit,
1028 2356 1125 2419 quam
1153 2344 1262 2403 tamen
1288 2356 1359 2402 sen-

259 2439 400 2506 tentiam
423 2460 487 2506 non
509 2441 616 2524 magis
639 2442 852 2522 comprobare
868 2459 1009 2522 *possum
1025 2458 1121 2519 quam
1138 2438 1360 2519 quaestionem

255 2540 296 2606 de
323 2541 560 2622 Philostrato,²
586 2540 737 2623 Dionysii
764 2540 840 2620 filio,
862 2539 1060 2605 institutam.

343 2709 351 2737 ¹
369 2706 517 2773 Proposuit
534 2705 699 2760 Kirohnerus
716 2705 744 2758 in
762 2706 777 2773 ἕ
796 2707 846 2760 105
864 2704 909 2771 (11.
928 2704 1009 2772 hujus
1026 2704 1126 2771 disput.
1138 2720 1164 2770 p.
1178 2703 1223 2769 51)
1236 2718 1283 2773 pro
1295 2717 1360 2755 voce

256 2794 429 2860 γεγενημένην
447 2788 614 2842 scribendum
633 2804 691 2842 esse
708 2792 895 2859 γεγενημένων.

339 2875 349 2903 ²
366 2871 533 2925 Philostrato
551 2876 584 2925 ut
599 2871 698 2938 Lysiae
724 2871 811 2925 amioo
829 2869 918 2924 minus
935 2871 1117 2938 quadraginta
1134 2885 1219 2923 unnos
1242 2868 1361 2922 tribuere

254 2970 309 3008 non
325 2954 406 3008 111111
419 2954 553 3008 existimo.
589 2954 660 3008 Huio
678 2953 829 3009 1111111111
846 2969 901 3006 non
919 2954 1018 3020 obstat,
1037 2954 1109 3019 quod
1126 2953 1310 3006 Philostratus
1327 2951 1360 3004 ab

256 3045 362 3092 oratore
380 3037 462 3112 ᾔθεος
479 3037 657 3107 significatur,
677 3054 739 3091 nam
756 3038 807 3092 hao
823 3053 889 3091 voce
899 3036 950 3090 hoo
968 3036 1026 3091 looo
1042 3053 1096 3090 non
1109 3034 1298 3100 adolescentia,
1316 3035 1362 3087 sed

255 3121 404 3175 caelibatus
423 3121 570 3189 significari
587 3121 653 3175 mihi
670 3120 777 3187 quidem
794 3120 911 3174 videtur.
