3234 4834
264 511 400 578 editione
421 512 584 578 exstitisse
605 517 716 594 aperte
737 514 844 578 docuit
866 513 1060 594 Christius,¹
1080 513 1128 578 ita
1159 514 1267 579 multis
1294 513 1366 579 aliis

262 613 349 694 locis,
372 633 450 694 quos
472 619 580 679 tamen
601 634 664 679 non
682 614 750 696 jam
777 614 973 697 investigare
1004 634 1186 696 possumuS,
1213 614 1367 679 formulas

262 734 301 780 ex
330 714 561 795 antiquioribus
591 715 779 781 editionibus
812 716 845 781 in
876 734 979 781 novas
1011 715 1178 781 transiisse
1210 715 1365 781 existimo.

262 815 385 882 Oontra
405 816 632 897 posterioribus
654 815 848 897 temporibus
870 816 1088 898 grammaticis
1122 821 1154 881 et
1175 817 1365 898 rhetoribus,

262 915 315 995 qui
335 916 494 981 nonnullis
517 916 694 982 orationum
715 921 899 981 nostrarum
919 916 952 980 in
975 916 1255 982 exercitationibus
1279 918 1367 982 scho-

261 1017 364 1081 larum
385 1018 566 1097 utebantur,
588 1018 630 1082 ad
652 1036 703 1082 res
724 1017 933 1082 illustrandas
962 1017 1074 1082 melius
1102 1036 1173 1083 esse
1198 1017 1367 1082 videbatur

260 1115 413 1182 formulas
443 1137 537 1197 quam
567 1117 719 1199 plurimas
751 1118 783 1182 in
817 1117 908 1182 libris
941 1126 1077 1184 exstare.
1126 1118 1234 1202 Quare
1256 1118 1365 1184 multis

260 1216 353 1298 loeis,
388 1216 499 1297 quibus
534 1218 691 1301 genuinae
726 1217 882 1283 formulae
915 1218 1116 1300 exciderant,
1149 1224 1207 1284 ant
1238 1220 1278 1284 de
1309 1239 1365 1285 suo

261 1316 429 1398 finxerunt,
442 1317 549 1383 verbis
571 1318 706 1384 oratoris
721 1318 773 1384 vel
794 1318 935 1383 fortasse
949 1319 1033 1383 notis
1048 1320 1290 1385 scholiastarum
1307 1320 1365 1402 usi,

261 1422 318 1483 aut
349 1418 403 1482 ubi
434 1418 597 1499 formulas,
630 1418 828 1499 maximeque
860 1418 947 1501 leges
979 1423 1076 1498 atque
1107 1419 1249 1500 decreta,
1281 1422 1365 1502 apud

260 1518 380 1600 priores
402 1518 582 1600 scriptores
605 1519 658 1599 qui
680 1538 734 1584 eas
757 1520 961 1602 collegerant,
994 1524 1030 1584 ut
1055 1520 1140 1601 apud
1172 1521 1366 1603 Craterunn,²

260 1618 348 1702 cujus
369 1619 450 1684 liber
470 1622 624 1707 συναγωγὴ
650 1622 851 1706 ψηφισμάτων
884 1619 1009 1701 saepius
1037 1621 1078 1684 ab
1108 1621 1366 1701 Harpocratione

260 1724 356 1800 atque
378 1719 540 1801 Stephano
561 1718 744 1801 Byzantino
765 1718 962 1801 nominatur,
986 1723 1133 1785 seruatas
1154 1720 1364 1802 reperiebant,

262 1820 337 1885 inde
357 1819 391 1884 in
413 1819 572 1885 orationes
594 1820 838 1889 transtulerunt.

341 1939 433 2003 Inter
464 1936 617 2002 formulas
644 1936 741 2019 igitur
767 1956 850 2002 nunc
883 1937 916 2003 in
948 1937 1106 2003 codicibus
1140 1938 1364 2019 manuscriptis

260 2041 425 2103 exstantes
447 2038 510 2103 tria
532 2038 738 2103 discernenda
771 2043 846 2103 sunt
866 2057 1000 2120 genera,
1024 2057 1119 2102 unum
1148 2038 1271 2118 quidem
1303 2039 1365 2104 for·

259 2138 425 2221 mularum,
459 2157 540 2219 quae
568 2138 725 2221 genuinae
756 2143 789 2203 et
817 2139 883 2220 jam
912 2140 953 2203 ab
987 2144 1113 2203 oratore
1137 2138 1205 2219 ipso
1234 2139 1364 2204 additae

259 2242 343 2321 sunt,
366 2240 501 2305 alterum
524 2259 646 2320 earum,
682 2258 762 2318 quae
784 2258 824 2304 ex
846 2239 1005 2304 tabulario
1033 2238 1157 2320 publico
1186 2240 1365 2306 translatae

258 2339 415 2421 genuinae
442 2340 567 2420 quidem
596 2345 685 2421 sunt,
713 2340 769 2404 scd
794 2358 834 2404 ex
861 2345 953 2420 parte
985 2340 1026 2404 ab
1056 2339 1101 2403 eis
1129 2338 1223 2422 lociS,
1251 2339 1364 2419 quibus

257 2439 398 2506 insertae
413 2445 495 2521 sunt,
518 2440 651 2521 alienae,
668 2439 797 2505 tertium
813 2458 930 2518 earum,
954 2459 1035 2520 quae
1048 2438 1224 2520 posteriore
1239 2439 1363 2503 demum

259 2544 400 2622 tempore
426 2541 522 2606 fictae
543 2544 627 2605 sunt.
670 2538 810 2624 Quorum
838 2559 989 2622 generum
1015 2540 1103 2622 cnjus
1131 2558 1274 2620 quaeque
1302 2538 1363 2603 for-

258 2642 344 2707 mula
378 2641 429 2722 sit,
466 2640 640 2723 dijudicare
672 2660 734 2705 non
766 2659 948 2722 possumus,
982 2640 1044 2705 nisi
1076 2644 1297 2722 argumentum
1329 2643 1362 2703 et

259 2760 433 2806 sermonem
469 2740 707 2806 accuratissime
740 2741 974 2822 examinamus,
1006 2759 1108 2821 neque
1140 2739 1167 2804 si
1199 2740 1239 2804 de
1273 2738 1363 2804 unius

258 2841 391 2925 ahcujus
422 2840 484 2906 fide
515 2841 642 2906 dubium
675 2841 733 2922 sit,
767 2843 806 2906 de
839 2843 942 2908 altera
975 2841 1049 2906 inde
1080 2841 1249 2920 quidquam
1279 2839 1363 2905 colli·

257 2961 334 3024 gere
354 2941 454 3007 licet³

341 3060 430 3124 lnter
451 3076 505 3123 eas
528 3058 695 3139 orationes,
729 3059 762 3124 in
785 3059 896 3139 quibus
918 3059 985 3123 litis
1006 3059 1221 3124 instrumenta
1242 3057 1363 3124 inserta

258 3161 397 3239 exstant,
419 3158 620 3240 reperiuntur
636 3159 795 3224 orationes
811 3159 964 3224 adversus
978 3160 1140 3225 Neaeram
1163 3165 1195 3224 et
1209 3159 1363 3224 adversus

257 3257 453 3339 Stephanum
490 3259 660 3340 posterior,
703 3278 835 3339 quarum
869 3264 975 3323 tamen
1008 3258 1161 3323 formulas
1192 3277 1299 3322 omnes
1330 3257 1363 3322 in

256 3357 415 3439 plerisque
436 3358 625 3424 editionibus
655 3358 743 3423 uncis
772 3357 911 3422 inclusas
944 3376 1015 3422 esse
1036 3357 1137 3423 video.
1188 3356 1280 3442 Quae
1311 3375 1363 3421 res

343 3580 351 3607 ¹
369 3576 403 3630 cf.
422 3576 532 3630 Christii
551 3580 721 3630 commentat.
740 3574 923 3628 deAtticiana
942 3574 1133 3629 Demosthenis
1151 3574 1275 3638 editione,
1294 3589 1362 3639 quae

257 3665 349 3714 exstat
365 3659 394 3714 in
412 3659 481 3714 actis
499 3660 571 3713 acad.
589 3659 687 3712 Bavar.
706 3674 730 3711 a.
750 3659 816 3712 1882
834 3659 865 3712 ol.
884 3659 907 3714 Ι,
925 3659 977 3711 vol⁴
998 3661 1035 3712 16.

341 3746 352 3775 ²
368 3743 448 3796 Alios
466 3742 596 3810 ejusmodi
608 3741 691 3795 libros
703 3747 844 3795 enumerat
856 3741 1006 3806 Schnlinus,
1025 3740 1189 3809 comparatio
1205 3740 1362 3795 testamenti

256 3827 347 3896 graeci
366 3836 394 3881 et
410 3825 521 3880 romani.
540 3824 666 3879 Basileae
684 3825 749 3879 1882
766 3841 791 3892 p.
809 3826 833 3878 4.

340 3910 408 3963 ³De
426 3915 486 3963 tota
504 3908 584 3977 hujus
603 3907 768 3975 quaestionis
786 3907 901 3961 historia
919 3906 1026 3961 uberius
1051 3906 1178 3960 disseruit
1196 3906 1361 3960 Kirehnerus

256 3994 284 4048 in
301 3991 470 4062 praefatione
489 3990 686 4045 dissertat-ionis
704 4006 781 4045 suae:
818 3991 850 4045 de
868 3989 927 4043 litis
945 3989 1145 4056 instrumentis,
1164 4005 1233 4058 quae
1251 3996 1361 4044 exstant

255 4077 283 4132 in
301 4076 492 4131 Demosthenis
510 4091 579 4142 quae
597 4076 685 4129 fertur
701 4074 730 4128 in
747 4074 886 4128 Lacritum
904 4079 932 4128 et
949 4073 1037 4141 priore
1056 4074 1185 4127 adversus
1197 4075 1360 4141 Stephanum

255 4161 429 4216 orationibus.
464 4159 542 4213 Halis
560 4160 694 4214 Saxonum
713 4158 784 4212 1883.
