3234 4834
553 1055 760 1154 PARS
808 1053 1075 1154 PRIOR.

266 1293 318 1351 De
334 1291 405 1350 litis
420 1292 662 1351 instrumentis
678 1289 928 1349 Demosthenis
950 1304 1038 1362 quae
1058 1287 1166 1347 fertur
1185 1286 1368 1362 posteriori

442 1425 609 1484 adversus
632 1423 847 1498 Stephanum
870 1422 1018 1481 orationi
1041 1421 1192 1482 insertis.

347 1691 571 1777 Quaecumque
591 1693 746 1758 formulae
764 1691 989 1779 huiclorationi
1002 1692 1143 1758 insertae
1157 1697 1241 1775 sunt,
1264 1693 1370 1758 codice

264 1793 414 1860 Parisino
435 1792 472 1876 Σ,
494 1793 771 1876 praestantissimo
790 1793 846 1858 illo
861 1792 1037 1858 orationum
1051 1793 1370 1859 Demosthenioarum

263 1894 354 1976 libro,
376 1914 439 1960 non
454 1894 670 1975 exhibentur,¹
691 1894 803 1960 sedin
825 1894 939 1959 ceteris
960 1894 1052 1959 modo
1068 1894 1235 1975 codicibus
1258 1894 1370 1975 quibus

264 1996 360 2077 vulgo
382 2013 402 2060 a
423 1995 503 2062 viris
534 1995 635 2061 doctis
664 1994 766 2060 minor
794 1993 970 2060 auctoritas
996 1993 1162 2076 tribuitur,
1187 1994 1277 2060 nobis
1306 2000 1370 2060 tra·

264 2095 351 2160 ditae
373 2099 455 2160 sunt.
500 2095 563 2162 Sed
584 2095 617 2161 in
639 2097 699 2160 hac
721 2095 847 2175 quidem
868 2095 908 2160 de
928 2093 990 2159 fide
1008 2094 1075 2160 litis
1090 2095 1370 2160 instrumentorum

265 2195 450 2277 quaestione
481 2195 706 2262 auctoritatem
740 2195 881 2261 codicum
912 2214 975 2260 non
1008 2194 1055 2260 ita
1087 2196 1222 2261 multum
1250 2196 1370 2277 valere,

264 2295 441 2362 rectissime
457 2296 526 2379 jam
547 2295 781 2362 demonstravit
801 2295 1026 2376 Kirchnerus,²
1060 2313 1130 2360 curn
1152 2300 1185 2360 et
1205 2294 1370 2375 formulae,

266 2415 345 2477 quas
366 2395 459 2462 fictas
481 2415 550 2462 esse
564 2396 630 2480 J'am
644 2397 813 2478 probatum
829 2400 888 2476 est,
911 2394 944 2460 in
959 2393 1086 2475 optimis
1100 2394 1191 2460 libris
1206 2399 1371 2461 exstarent

266 2505 299 2564 et
321 2516 400 2578 quas
421 2497 575 2580 genuinas
598 2515 667 2562 esse
685 2495 753 2579 jam
775 2494 982 2560 ostenderunt
1003 2493 1065 2560 viri
1087 2494 1187 2575 docti,
1214 2495 1369 2560 deessent.

266 2596 429 2682 Quomodo
451 2601 557 2662 autem
579 2597 612 2663 id
637 2596 706 2662 fieri
732 2599 855 2678 posset,
879 2594 1040 2660 Christius
1069 2595 1187 2676 optime
1215 2595 1369 2677 exposuit

268 2697 349 2764 Oum
381 2697 465 2764 enirn
495 2697 628 2764 Atticus
660 2698 816 2764 formulas
854 2715 949 2777 quam
992 2695 1130 2760 maxime
1161 2697 1203 2760 ab
1235 2696 1371 2762 alitione

265 2818 323 2865 sua
355 2802 503 2866 amovere
534 2801 685 2883 studeret,
720 2800 754 2865 in
775 2797 1067 2864 Alexandrinorum
1099 2796 1190 2862 libris
1222 2802 1371 2863 servatae

267 2903 356 2982 sunt,
378 2897 442 2964 nisi
473 2918 550 2964 casu
580 2900 751 2965 nonnullae
783 2898 954 2980 perierunt.
1009 2899 1130 2963 Postea
1151 2901 1268 2979 autem,
1301 2917 1370 2963 cum

267 3003 377 3082 aptum
398 2999 562 3065 videretur
581 2999 737 3065 formulas
759 2998 865 3064 verbis
898 2998 1034 3064 oratoris
1065 2997 1194 3063 additas
1227 3017 1305 3078 esse,
1338 2998 1371 3063 in

266 3100 382 3166 multos
404 3098 484 3164 alios
514 3098 637 3165 codices
669 3098 735 3165 litis
766 3099 980 3164 instrumenta
1012 3117 1052 3163 ex
1080 3097 1370 3165 Alexandrinorum

265 3200 357 3265 libris
383 3200 544 3266 translata
574 3202 662 3280 sunt;
695 3203 806 3265 contra
831 3198 864 3263 in
890 3199 1099 3281 archetypum
1125 3199 1266 3264 Parisini
1293 3201 1372 3265 haec

266 3300 480 3366 instrumenta
500 3320 564 3367 non
584 3304 714 3382 recepta
735 3303 818 3381 sunt,
841 3299 897 3364 sed
918 3299 1045 3381 saepius
1073 3304 1251 3365 commenta
1276 3299 1372 3366 falsa-

266 3403 384 3469 riorum
396 3402 593 3469 invaserunt.
627 3400 734 3485 Quare
745 3400 886 3466 oodimm
901 3400 1093 3467 auctoritate
1106 3403 1202 3482 plane
1215 3401 1371 3482 neglecta,

266 3502 371 3585 potius
386 3502 539 3569 formulas
554 3502 642 3584 ipsas
658 3500 882 3583 examinemus,
894 3504 1001 3566 utrum
1015 3500 1171 3583 genuinae
1184 3500 1249 3565 sint
1263 3519 1371 3566 neone.

350 3755 432 3821 Tres
453 3754 576 3837 primae
596 3755 700 3837 legum
722 3754 886 3835 formulae,
909 3773 991 3834 quae
1012 3757 1088 3819 sunt
1109 3753 1148 3818 de
1162 3751 1371 3832 testificando,

267 3875 288 3922 a
309 3854 474 3921 Dindorfio
495 3853 584 3920 uncis
605 3853 747 3919 inclusae
767 3857 857 3934 sunt3
890 3853 946 3918 sed
967 3872 1069 3934 neque
1089 3853 1251 3935 intellego,
1279 3870 1372 3939 quam

352 4026 361 4054 ¹
380 4021 413 4076 cf.
430 4021 563 4077 Dindorfii
582 4023 622 4077 ed.
640 4021 724 4077 Oxou.
743 4027 806 4075 tom.
825 4021 879 4074 111.

351 4105 570 4174 ’milon
