<?xml version="1.0" encoding="UTF-8"?>
<!DOCTYPE html PUBLIC "-//W3C//DTD XHTML 1.0 Transitional//EN"
    "http://www.w3.org/TR/xhtml1/DTD/xhtml1-transitional.dtd">
<html xmlns="http://www.w3.org/1999/xhtml" xml:lang="en" lang="en">
 <head>
  <title>
</title>
<meta http-equiv="Content-Type" content="text/html;charset=utf-8" />
  <meta name='ocr-system' content='tesseract 3.04.00' />
  <meta name='ocr-capabilities' content='ocr_page ocr_carea ocr_par ocr_line ocrx_word'/>
</head>
<body>
  <div class='ocr_page' id='page_1' title='image "./delitisinstrume01staegoog_0022.png"; bbox 0 0 3234 4834; ppageno 0'>
   <div class='ocr_carea' id='block_1_1' title="bbox 799 283 839 342">
    <p class='ocr_par' dir='ltr' id='par_1_1' title="bbox 799 283 839 342">
     <span class='ocr_line' id='line_1_1' title="bbox 799 283 839 342; baseline 0 0"><span class='ocrx_word' id='word_1_1' title='bbox 799 283 839 342; x_wconf 89' lang='lat'>18</span> 
     </span>
    </p>
   </div>
   <div class='ocr_carea' id='block_1_2' title="bbox 263 475 1376 3468">
    <p class='ocr_par' dir='ltr' id='par_1_2' title="bbox 267 475 1376 763">
     <span class='ocr_line' id='line_1_2' title="bbox 267 475 1375 563; baseline 0.006 -22"><span class='ocrx_word' id='word_1_2' title='bbox 267 475 374 543; x_wconf 86' lang='lat' dir='ltr'>minus</span> <span class='ocrx_word' id='word_1_3' title='bbox 396 476 570 544; x_wconf 89' lang='lat' dir='ltr'>convenire</span> <span class='ocrx_word' id='word_1_4' title='bbox 591 477 760 544; x_wconf 83' lang='lat' dir='ltr'>contendit</span> <span class='ocrx_word' id='word_1_5' title='bbox 781 478 834 545; x_wconf 85' lang='lat' dir='ltr'>vir</span> <span class='ocrx_word' id='word_1_6' title='bbox 856 478 1082 563; x_wconf 90' lang='lat' dir='ltr'>doctissimus,</span> <span class='ocrx_word' id='word_1_7' title='bbox 1112 481 1174 547; x_wconf 89' lang='lat' dir='ltr'>hoc</span> <span class='ocrx_word' id='word_1_8' title='bbox 1204 481 1284 547; x_wconf 87' lang='lat' dir='ltr'>milri</span> <span class='ocrx_word' id='word_1_9' title='bbox 1310 501 1375 548; x_wconf 90' lang='lat' dir='ltr'>non</span> 
     </span>
     <span class='ocr_line' id='line_1_3' title="bbox 267 577 1376 664; baseline 0.005 -21"><span class='ocrx_word' id='word_1_10' title='bbox 267 577 452 661; x_wconf 83' lang='lat' dir='ltr'>persuasit,</span> <span class='ocrx_word' id='word_1_11' title='bbox 486 597 556 644; x_wconf 91' lang='lat' dir='ltr'>cum</span> <span class='ocrx_word' id='word_1_12' title='bbox 590 578 688 644; x_wconf 88' lang='lat' dir='ltr'>talem</span> <span class='ocrx_word' id='word_1_13' title='bbox 720 598 927 646; x_wconf 91' lang='lat' dir='ltr'>numerorum</span> <span class='ocrx_word' id='word_1_14' title='bbox 959 582 1173 648; x_wconf 81' lang='lat' dir='ltr'>mutationem</span> <span class='ocrx_word' id='word_1_15' title='bbox 1205 582 1376 664; x_wconf 89' lang='lat' dir='ltr'>permultis</span> 
     </span>
     <span class='ocr_line' id='line_1_4' title="bbox 268 677 1161 763; baseline 0.004 -20"><span class='ocrx_word' id='word_1_16' title='bbox 268 677 348 744; x_wconf 89' lang='lat' dir='ltr'>locis</span> <span class='ocrx_word' id='word_1_17' title='bbox 371 680 459 760; x_wconf 92' lang='lat' dir='ltr'>apud</span> <span class='ocrx_word' id='word_1_18' title='bbox 481 679 620 760; x_wconf 89' lang='lat' dir='ltr'>optimos</span> <span class='ocrx_word' id='word_1_19' title='bbox 642 678 822 762; x_wconf 86' lang='lat' dir='ltr'>scriptores</span> <span class='ocrx_word' id='word_1_20' title='bbox 844 681 984 763; x_wconf 86' lang='lat' dir='ltr'>reperiri</span> <span class='ocrx_word' id='word_1_21' title='bbox 1006 681 1161 748; x_wconf 83' lang='lat' dir='ltr'>videam.¹</span> 
     </span>
    </p>

    <p class='ocr_par' dir='ltr' id='par_1_3' title="bbox 264 778 1376 2369">
     <span class='ocr_line' id='line_1_5' title="bbox 354 778 1374 865; baseline 0.005 -22"><span class='ocrx_word' id='word_1_22' title='bbox 354 778 418 845; x_wconf 85' lang='lat' dir='ltr'>Sed</span> <span class='ocrx_word' id='word_1_23' title='bbox 440 779 522 844; x_wconf 83' lang='lat' dir='ltr'>haec</span> <span class='ocrx_word' id='word_1_24' title='bbox 543 780 596 844; x_wconf 82' lang='lat' dir='ltr'>lex</span> <span class='ocrx_word' id='word_1_25' title='bbox 617 779 747 845; x_wconf 90' lang='lat' dir='ltr'>minime</span> <span class='ocrx_word' id='word_1_26' title='bbox 769 779 902 863; x_wconf 80' lang='lat' dir='ltr'>integra</span> <span class='ocrx_word' id='word_1_27' title='bbox 923 799 996 845; x_wconf 87' lang='lat' dir='ltr'>esse</span> <span class='ocrx_word' id='word_1_28' title='bbox 1017 785 1138 865; x_wconf 89' lang='lat' dir='ltr'>potest,</span> <span class='ocrx_word' id='word_1_29' title='bbox 1161 801 1232 847; x_wconf 85' lang='lat' dir='ltr'>cum</span> <span class='ocrx_word' id='word_1_30' title='bbox 1253 782 1374 848; x_wconf 90' lang='lat' dir='ltr'>nullum</span> 
     </span>
     <span class='ocr_line' id='line_1_6' title="bbox 270 879 1374 962; baseline 0.007 -22"><span class='ocrx_word' id='word_1_31' title='bbox 270 880 379 942; x_wconf 84' lang='lat' dir='ltr'>exstet</span> <span class='ocrx_word' id='word_1_32' title='bbox 411 883 636 962; x_wconf 86' lang='lat' dir='ltr'>praeceptum,</span> <span class='ocrx_word' id='word_1_33' title='bbox 667 899 729 960; x_wconf 90' lang='lat' dir='ltr'>quo</span> <span class='ocrx_word' id='word_1_34' title='bbox 763 881 802 945; x_wconf 92' lang='lat' dir='ltr'>de</span> <span class='ocrx_word' id='word_1_35' title='bbox 831 879 961 946; x_wconf 87' lang='lat' dir='ltr'>filiabus</span> <span class='ocrx_word' id='word_1_36' title='bbox 988 881 1131 961; x_wconf 81' lang='lat' dir='ltr'>dicotur,</span> <span class='ocrx_word' id='word_1_37' title='bbox 1162 881 1236 947; x_wconf 89' lang='lat' dir='ltr'>aliis</span> <span class='ocrx_word' id='word_1_38' title='bbox 1265 888 1374 948; x_wconf 90' lang='lat' dir='ltr'>autem</span> 
     </span>
     <span class='ocr_line' id='line_1_7' title="bbox 267 975 1374 1064; baseline 0.005 -23"><span class='ocrx_word' id='word_1_39' title='bbox 267 975 370 1042; x_wconf 75' lang='lat' dir='ltr'>locis²</span> <span class='ocrx_word' id='word_1_40' title='bbox 391 978 485 1043; x_wconf 91' lang='lat' dir='ltr'>nobis</span> <span class='ocrx_word' id='word_1_41' title='bbox 506 979 665 1045; x_wconf 87' lang='lat' dir='ltr'>traditum</span> <span class='ocrx_word' id='word_1_42' title='bbox 687 980 732 1045; x_wconf 88' lang='lat' dir='ltr'>sit</span> <span class='ocrx_word' id='word_1_43' title='bbox 752 980 836 1044; x_wconf 92' lang='lat' dir='ltr'>talia</span> <span class='ocrx_word' id='word_1_44' title='bbox 857 986 1037 1063; x_wconf 83' lang='lat' dir='ltr'>praecepta</span> <span class='ocrx_word' id='word_1_45' title='bbox 1064 982 1098 1046; x_wconf 89' lang='lat' dir='ltr'>in</span> <span class='ocrx_word' id='word_1_46' title='bbox 1125 982 1200 1064; x_wconf 84' lang='lat' dir='ltr'>lege</span> <span class='ocrx_word' id='word_1_47' title='bbox 1228 982 1374 1048; x_wconf 79' lang='lat' dir='ltr'>inruisse.</span> 
     </span>
     <span class='ocr_line' id='line_1_8' title="bbox 267 1076 1374 1164; baseline 0.007 -24"><span class='ocrx_word' id='word_1_48' title='bbox 267 1076 354 1142; x_wconf 91' lang='lat' dir='ltr'>Puto</span> <span class='ocrx_word' id='word_1_49' title='bbox 377 1084 487 1144; x_wconf 89' lang='lat' dir='ltr'>autem</span> <span class='ocrx_word' id='word_1_50' title='bbox 509 1083 615 1145; x_wconf 86' lang='lat' dir='ltr'>totam</span> <span class='ocrx_word' id='word_1_51' title='bbox 636 1080 741 1164; x_wconf 82' lang='lat' dir='ltr'>legem</span> <span class='ocrx_word' id='word_1_52' title='bbox 771 1080 820 1145; x_wconf 85' lang='lat' dir='ltr'>ita</span> <span class='ocrx_word' id='word_1_53' title='bbox 846 1080 949 1145; x_wconf 83' lang='lat' dir='ltr'>fuisse</span> <span class='ocrx_word' id='word_1_54' title='bbox 978 1090 1215 1163; x_wconf 77' lang='lat' dir='ltr'>comparatam,</span> <span class='ocrx_word' id='word_1_55' title='bbox 1247 1089 1285 1148; x_wconf 93' lang='lat' dir='ltr'>ut</span> <span class='ocrx_word' id='word_1_56' title='bbox 1317 1082 1374 1148; x_wconf 90' lang='lat' dir='ltr'>illa</span> 
     </span>
     <span class='ocr_line' id='line_1_9' title="bbox 266 1177 1374 1264; baseline 0.004 -22"><span class='ocrx_word' id='word_1_57' title='bbox 266 1177 424 1263; x_wconf 86' lang='lat' dir='ltr'>formula,</span> <span class='ocrx_word' id='word_1_58' title='bbox 448 1199 544 1261; x_wconf 87' lang='lat' dir='ltr'>quarn</span> <span class='ocrx_word' id='word_1_59' title='bbox 577 1185 740 1264; x_wconf 87' lang='lat' dir='ltr'>tenemus,</span> <span class='ocrx_word' id='word_1_60' title='bbox 762 1180 906 1262; x_wconf 86' lang='lat' dir='ltr'>priorem</span> <span class='ocrx_word' id='word_1_61' title='bbox 938 1186 1067 1262; x_wconf 88' lang='lat' dir='ltr'>partem</span> <span class='ocrx_word' id='word_1_62' title='bbox 1100 1181 1248 1247; x_wconf 74' lang='lat' dir='ltr'>efficeret</span> <span class='ocrx_word' id='word_1_63' title='bbox 1270 1188 1304 1249; x_wconf 87' lang='lat' dir='ltr'>et</span> <span class='ocrx_word' id='word_1_64' title='bbox 1325 1202 1374 1248; x_wconf 89' lang='lat' dir='ltr'>se·</span> 
     </span>
     <span class='ocr_line' id='line_1_10' title="bbox 269 1279 1374 1365; baseline 0.005 -22"><span class='ocrx_word' id='word_1_65' title='bbox 269 1279 443 1359; x_wconf 90' lang='lat' dir='ltr'>quentibus</span> <span class='ocrx_word' id='word_1_66' title='bbox 466 1281 593 1345; x_wconf 91' lang='lat' dir='ltr'>demum</span> <span class='ocrx_word' id='word_1_67' title='bbox 615 1280 727 1347; x_wconf 89' lang='lat' dir='ltr'>verbis</span> <span class='ocrx_word' id='word_1_68' title='bbox 749 1280 921 1363; x_wconf 82' lang='lat' dir='ltr'>legislator</span> <span class='ocrx_word' id='word_1_69' title='bbox 943 1281 1167 1365; x_wconf 85' lang='lat' dir='ltr'>praeciperet,</span> <span class='ocrx_word' id='word_1_70' title='bbox 1195 1284 1273 1364; x_wconf 89' lang='lat' dir='ltr'>quid</span> <span class='ocrx_word' id='word_1_71' title='bbox 1301 1284 1374 1349; x_wconf 88' lang='lat' dir='ltr'>fieri</span> 
     </span>
     <span class='ocr_line' id='line_1_11' title="bbox 269 1380 1373 1464; baseline 0.005 -20"><span class='ocrx_word' id='word_1_72' title='bbox 269 1385 449 1462; x_wconf 88' lang='lat' dir='ltr'>oporteret,</span> <span class='ocrx_word' id='word_1_73' title='bbox 472 1380 500 1445; x_wconf 92' lang='lat' dir='ltr'>si</span> <span class='ocrx_word' id='word_1_74' title='bbox 522 1381 609 1446; x_wconf 83' lang='lat' dir='ltr'>forte</span> <span class='ocrx_word' id='word_1_75' title='bbox 631 1381 719 1447; x_wconf 89' lang='lat' dir='ltr'>filiae</span> <span class='ocrx_word' id='word_1_76' title='bbox 741 1388 852 1446; x_wconf 84' lang='lat' dir='ltr'>essent</span> <span class='ocrx_word' id='word_1_77' title='bbox 870 1388 978 1446; x_wconf 85' lang='lat' dir='ltr'>natae.</span> <span class='ocrx_word' id='word_1_78' title='bbox 1025 1382 1088 1447; x_wconf 80' lang='lat' dir='ltr'>Sed</span> <span class='ocrx_word' id='word_1_79' title='bbox 1104 1402 1178 1448; x_wconf 91' lang='lat' dir='ltr'>num</span> <span class='ocrx_word' id='word_1_80' title='bbox 1194 1384 1373 1464; x_wconf 90' lang='lat' dir='ltr'>putandum</span> 
     </span>
     <span class='ocr_line' id='line_1_12' title="bbox 269 1479 1375 1567; baseline 0.005 -23"><span class='ocrx_word' id='word_1_81' title='bbox 269 1483 322 1544; x_wconf 89' lang='lat' dir='ltr'>est</span> <span class='ocrx_word' id='word_1_82' title='bbox 342 1479 484 1545; x_wconf 89' lang='lat' dir='ltr'>scribam</span> <span class='ocrx_word' id='word_1_83' title='bbox 506 1481 658 1546; x_wconf 87' lang='lat' dir='ltr'>hocloco</span> <span class='ocrx_word' id='word_1_84' title='bbox 680 1486 785 1547; x_wconf 86' lang='lat' dir='ltr'>totam</span> <span class='ocrx_word' id='word_1_85' title='bbox 807 1482 924 1565; x_wconf 83' lang='lat' dir='ltr'>legem,</span> <span class='ocrx_word' id='word_1_86' title='bbox 946 1500 1009 1547; x_wconf 93' lang='lat' dir='ltr'>non</span> <span class='ocrx_word' id='word_1_87' title='bbox 1025 1484 1119 1548; x_wconf 92' lang='lat' dir='ltr'>modo</span> <span class='ocrx_word' id='word_1_88' title='bbox 1131 1491 1269 1567; x_wconf 85' lang='lat' dir='ltr'>partem,</span> <span class='ocrx_word' id='word_1_89' title='bbox 1292 1504 1375 1565; x_wconf 85' lang='lat' dir='ltr'>quae</span> 
     </span>
     <span class='ocr_line' id='line_1_13' title="bbox 265 1579 1371 1667; baseline 0.005 -23"><span class='ocrx_word' id='word_1_90' title='bbox 265 1579 358 1645; x_wconf 89' lang='lat' dir='ltr'>nobis</span> <span class='ocrx_word' id='word_1_91' title='bbox 393 1579 519 1646; x_wconf 90' lang='lat' dir='ltr'>tradita</span> <span class='ocrx_word' id='word_1_92' title='bbox 552 1587 612 1663; x_wconf 90' lang='lat' dir='ltr'>est,</span> <span class='ocrx_word' id='word_1_93' title='bbox 646 1580 788 1664; x_wconf 83' lang='lat' dir='ltr'>legisse?</span> <span class='ocrx_word' id='word_1_94' title='bbox 843 1584 966 1648; x_wconf 83' lang='lat' dir='ltr'>Orator</span> <span class='ocrx_word' id='word_1_95' title='bbox 1000 1584 1166 1664; x_wconf 88' lang='lat' dir='ltr'>promittit</span> <span class='ocrx_word' id='word_1_96' title='bbox 1197 1584 1231 1648; x_wconf 91' lang='lat' dir='ltr'>iu</span> <span class='ocrx_word' id='word_1_97' title='bbox 1264 1583 1283 1667; x_wconf 67' lang='grc' dir='ltr'>ξ</span> <span class='ocrx_word' id='word_1_98' title='bbox 1318 1588 1371 1651; x_wconf 85' lang='grc'>]6;</span> 
     </span>
     <span class='ocr_line' id='line_1_14' title="bbox 266 1678 1376 1768; baseline 0.004 -27"><span class='ocrx_word' id='word_1_99' title='bbox 266 1678 408 1755; x_wconf 72' lang='grc' dir='ltr'><em>δικαστὰς</em></span> <span class='ocrx_word' id='word_1_100' title='bbox 428 1681 528 1744; x_wconf 75' lang='grc' dir='ltr'><em>αὐτῶν</em></span> <span class='ocrx_word' id='word_1_101' title='bbox 552 1685 611 1745; x_wconf 78' lang='grc' dir='ltr'>τῶν</span> <span class='ocrx_word' id='word_1_102' title='bbox 634 1682 734 1766; x_wconf 75' lang='grc' dir='ltr'><em>νόμων</em></span> <span class='ocrx_word' id='word_1_103' title='bbox 746 1682 938 1757; x_wconf 76' lang='grc' dir='ltr'><em>α’καύσαντας</em></span> <span class='ocrx_word' id='word_1_104' title='bbox 957 1682 1134 1764; x_wconf 66' lang='grc' dir='ltr'><em>γνώσεσθαι,</em></span> <span class='ocrx_word' id='word_1_105' title='bbox 1156 1685 1200 1760; x_wconf 79' lang='grc' dir='ltr'>ὡς</span> <span class='ocrx_word' id='word_1_106' title='bbox 1220 1684 1255 1747; x_wconf 77' lang='lat' dir='ltr'>od</span> <span class='ocrx_word' id='word_1_107' title='bbox 1271 1684 1376 1768; x_wconf 67' lang='grc' dir='ltr'><em>κύρτας</em></span> 
     </span>
     <span class='ocr_line' id='line_1_15' title="bbox 265 1776 1373 1869; baseline 0.006 -28"><span class='ocrx_word' id='word_1_108' title='bbox 265 1776 301 1866; x_wconf 77' lang='grc' dir='ltr'>ἧν</span> <span class='ocrx_word' id='word_1_109' title='bbox 333 1779 509 1862; x_wconf 57' lang='lat' dir='ltr'>accusatae</span> <span class='ocrx_word' id='word_1_110' title='bbox 531 1781 606 1865; x_wconf 78' lang='lat' dir='ltr'>lege</span> <span class='ocrx_word' id='word_1_111' title='bbox 639 1787 750 1853; x_wconf 79' lang='lat' dir='ltr'>autem</span> <span class='ocrx_word' id='word_1_112' title='bbox 773 1781 917 1848; x_wconf 82' lang='lat' dir='ltr'>recitata</span> <span class='ocrx_word' id='word_1_113' title='bbox 949 1783 1077 1866; x_wconf 78' lang='lat' dir='ltr'>pergit:</span> <span class='ocrx_word' id='word_1_114' title='bbox 1107 1788 1159 1847; x_wconf 77' lang='grc' dir='ltr'>τοῦ</span> <span class='ocrx_word' id='word_1_115' title='bbox 1188 1784 1247 1868; x_wconf 74' lang='grc' dir='ltr'>μὲν</span> <span class='ocrx_word' id='word_1_116' title='bbox 1280 1785 1373 1869; x_wconf 69' lang='grc' dir='ltr'><em>νόμον)</em></span> 
     </span>
     <span class='ocr_line' id='line_1_16' title="bbox 267 1880 1373 1970; baseline 0.003 -27"><span class='ocrx_word' id='word_1_117' title='bbox 267 1880 363 1945; x_wconf 82' lang='grc' dir='ltr'><em>τοίνυν</em></span> <span class='ocrx_word' id='word_1_118' title='bbox 386 1883 544 1969; x_wconf 74' lang='grc' dir='ltr'><em>ἀκηκόατε,</em></span> <span class='ocrx_word' id='word_1_119' title='bbox 567 1885 603 1959; x_wconf 72' lang='grc' dir='ltr'>ὃς</span> <span class='ocrx_word' id='word_1_120' title='bbox 622 1883 677 1947; x_wconf 79' lang='grc' dir='ltr'>οὐκ</span> <span class='ocrx_word' id='word_1_121' title='bbox 699 1882 738 1968; x_wconf 81' lang='grc' dir='ltr'>ἐᾷ</span> <span class='ocrx_word' id='word_1_122' title='bbox 758 1882 907 1970; x_wconf 67' lang='grc' dir='ltr'><em>διαθήκας</em></span> <span class='ocrx_word' id='word_1_123' title='bbox 927 1883 1096 1958; x_wconf 66' lang='grc' dir='ltr'><em>διαθέσθαι,</em></span> <span class='ocrx_word' id='word_1_124' title='bbox 1118 1883 1171 1946; x_wconf 84' lang='grc' dir='ltr'>ἐὰν</span> <span class='ocrx_word' id='word_1_125' title='bbox 1191 1884 1298 1959; x_wconf 78' lang='grc' dir='ltr'><em>παῖδες</em></span> <span class='ocrx_word' id='word_1_126' title='bbox 1317 1884 1373 1947; x_wconf 78' lang='grc' dir='ltr'>ὦσι</span> 
     </span>
     <span class='ocr_line' id='line_1_17' title="bbox 264 1981 1372 2069; baseline 0.002 -25"><span class='ocrx_word' id='word_1_127' title='bbox 264 1981 384 2069; x_wconf 68' lang='grc' dir='ltr'>γνήσιοι,</span> <span class='ocrx_word' id='word_1_128' title='bbox 407 1988 442 2048; x_wconf 89' lang='lat' dir='ltr'>et</span> <span class='ocrx_word' id='word_1_129' title='bbox 462 1981 497 2047; x_wconf 90' lang='lat' dir='ltr'>iu</span> <span class='ocrx_word' id='word_1_130' title='bbox 519 1982 590 2063; x_wconf 76' lang='lat'>§20</span> <span class='ocrx_word' id='word_1_131' title='bbox 611 1983 809 2049; x_wconf 86' lang='lat' dir='ltr'>adhortatur</span> <span class='ocrx_word' id='word_1_132' title='bbox 828 1982 971 2066; x_wconf 87' lang='lat' dir='ltr'>judices:</span> <span class='ocrx_word' id='word_1_133' title='bbox 995 1981 1149 2067; x_wconf 65' lang='grc' dir='ltr'><em>σκέψασθε</em></span> <span class='ocrx_word' id='word_1_134' title='bbox 1171 1983 1206 2044; x_wconf 75' lang='grc' dir='ltr'>δὲ</span> <span class='ocrx_word' id='word_1_135' title='bbox 1228 1984 1276 2045; x_wconf 77' lang='grc' dir='ltr'>καὶ</span> <span class='ocrx_word' id='word_1_136' title='bbox 1298 1983 1372 2046; x_wconf 68' lang='grc' dir='ltr'><em>διότι</em></span> 
     </span>
     <span class='ocr_line' id='line_1_18' title="bbox 265 2081 1372 2166; baseline 0.001 -20"><span class='ocrx_word' id='word_1_137' title='bbox 265 2100 313 2162; x_wconf 88' lang='lat' dir='ltr'>sq.</span> <span class='ocrx_word' id='word_1_138' title='bbox 359 2081 484 2164; x_wconf 79' lang='lat' dir='ltr'>Quibus</span> <span class='ocrx_word' id='word_1_139' title='bbox 498 2083 609 2149; x_wconf 89' lang='lat' dir='ltr'>verbis</span> <span class='ocrx_word' id='word_1_140' title='bbox 625 2083 704 2149; x_wconf 85' lang='lat' dir='ltr'>milri</span> <span class='ocrx_word' id='word_1_141' title='bbox 719 2083 851 2150; x_wconf 86' lang='lat' dir='ltr'>videtur</span> <span class='ocrx_word' id='word_1_142' title='bbox 867 2082 1018 2166; x_wconf 86' lang='lat' dir='ltr'>formula,</span> <span class='ocrx_word' id='word_1_143' title='bbox 1041 2102 1124 2165; x_wconf 88' lang='lat' dir='ltr'>quae</span> <span class='ocrx_word' id='word_1_144' title='bbox 1140 2088 1261 2165; x_wconf 82' lang='lat' dir='ltr'>exstat,</span> <span class='ocrx_word' id='word_1_145' title='bbox 1275 2085 1372 2165; x_wconf 89' lang='lat' dir='ltr'>plane</span> 
     </span>
     <span class='ocr_line' id='line_1_19' title="bbox 264 2183 1372 2268; baseline 0.001 -23"><span class='ocrx_word' id='word_1_146' title='bbox 264 2183 465 2262; x_wconf 86' lang='lat' dir='ltr'>respondere</span> <span class='ocrx_word' id='word_1_147' title='bbox 486 2202 592 2265; x_wconf 88' lang='lat' dir='ltr'>neque</span> <span class='ocrx_word' id='word_1_148' title='bbox 608 2186 804 2251; x_wconf 90' lang='lat' dir='ltr'>censendum</span> <span class='ocrx_word' id='word_1_149' title='bbox 819 2193 871 2251; x_wconf 88' lang='lat' dir='ltr'>est</span> <span class='ocrx_word' id='word_1_150' title='bbox 887 2190 1063 2268; x_wconf 88' lang='lat' dir='ltr'>oratorem,</span> <span class='ocrx_word' id='word_1_151' title='bbox 1079 2203 1151 2249; x_wconf 93' lang='lat' dir='ltr'>cum</span> <span class='ocrx_word' id='word_1_152' title='bbox 1166 2184 1256 2250; x_wconf 90' lang='lat' dir='ltr'>dicat</span> <span class='ocrx_word' id='word_1_153' title='bbox 1272 2184 1372 2247; x_wconf 76' lang='grc' dir='ltr'><em>αὐτῶν</em></span> 
     </span>
     <span class='ocr_line' id='line_1_20' title="bbox 266 2283 1015 2369; baseline 0.005 -24"><span class='ocrx_word' id='word_1_154' title='bbox 266 2286 325 2345; x_wconf 71' lang='grc' dir='ltr'>τῶν</span> <span class='ocrx_word' id='word_1_155' title='bbox 348 2283 458 2366; x_wconf 71' lang='grc' dir='ltr'><em>νόμων,</em></span> <span class='ocrx_word' id='word_1_156' title='bbox 481 2290 585 2350; x_wconf 90' lang='lat' dir='ltr'>totam</span> <span class='ocrx_word' id='word_1_157' title='bbox 607 2286 712 2369; x_wconf 81' lang='lat' dir='ltr'>legem</span> <span class='ocrx_word' id='word_1_158' title='bbox 734 2284 871 2351; x_wconf 85' lang='lat' dir='ltr'>recitari</span> <span class='ocrx_word' id='word_1_159' title='bbox 888 2286 1015 2369; x_wconf 87' lang='lat' dir='ltr'>jubere.</span> 
     </span>
    </p>

    <p class='ocr_par' dir='ltr' id='par_1_4' title="bbox 263 2384 1373 3468">
     <span class='ocr_line' id='line_1_21' title="bbox 351 2384 1373 2469; baseline 0.003 -20"><span class='ocrx_word' id='word_1_160' title='bbox 351 2386 399 2449; x_wconf 88' lang='lat' dir='ltr'>At</span> <span class='ocrx_word' id='word_1_161' title='bbox 420 2404 495 2451; x_wconf 92' lang='lat' dir='ltr'>num</span> <span class='ocrx_word' id='word_1_162' title='bbox 518 2387 581 2452; x_wconf 92' lang='lat' dir='ltr'>hac</span> <span class='ocrx_word' id='word_1_163' title='bbox 601 2387 676 2469; x_wconf 84' lang='lat' dir='ltr'>lege</span> <span class='ocrx_word' id='word_1_164' title='bbox 697 2405 734 2450; x_wconf 91' lang='lat' dir='ltr'>re</span> <span class='ocrx_word' id='word_1_165' title='bbox 749 2403 831 2453; x_wconf 86' lang='lat' dir='ltr'>vera</span> <span class='ocrx_word' id='word_1_166' title='bbox 845 2384 1091 2449; x_wconf 86' lang='lat' dir='ltr'>demonstratur</span> <span class='ocrx_word' id='word_1_167' title='bbox 1106 2384 1295 2452; x_wconf 89' lang='lat' dir='ltr'>Phormioni</span> <span class='ocrx_word' id='word_1_168' title='bbox 1309 2405 1373 2452; x_wconf 92' lang='lat' dir='ltr'>non</span> 
     </span>
     <span class='ocr_line' id='line_1_22' title="bbox 266 2482 1371 2566; baseline 0.002 -18"><span class='ocrx_word' id='word_1_169' title='bbox 266 2482 397 2550; x_wconf 83' lang='lat' dir='ltr'>licuisse</span> <span class='ocrx_word' id='word_1_170' title='bbox 412 2490 646 2553; x_wconf 90' lang='lat' dir='ltr'>testamentum</span> <span class='ocrx_word' id='word_1_171' title='bbox 663 2484 795 2552; x_wconf 78' lang='lat' dir='ltr'>facere?</span> <span class='ocrx_word' id='word_1_172' title='bbox 842 2486 875 2548; x_wconf 90' lang='lat' dir='ltr'>ln</span> <span class='ocrx_word' id='word_1_173' title='bbox 897 2485 972 2566; x_wconf 82' lang='lat' dir='ltr'>lege</span> <span class='ocrx_word' id='word_1_174' title='bbox 986 2483 1126 2549; x_wconf 88' lang='lat' dir='ltr'>vidimus</span> <span class='ocrx_word' id='word_1_175' title='bbox 1149 2485 1213 2549; x_wconf 89' lang='lat' dir='ltr'>dici</span> <span class='ocrx_word' id='word_1_176' title='bbox 1235 2485 1276 2550; x_wconf 90' lang='lat' dir='ltr'>de</span> <span class='ocrx_word' id='word_1_177' title='bbox 1297 2486 1371 2551; x_wconf 89' lang='lat' dir='ltr'>filiis</span> 
     </span>
     <span class='ocr_line' id='line_1_23' title="bbox 265 2583 1372 2668; baseline 0 -20"><span class='ocrx_word' id='word_1_178' title='bbox 265 2585 449 2666; x_wconf 82' lang='lat' dir='ltr'>adoptatis3</span> <span class='ocrx_word' id='word_1_179' title='bbox 485 2591 601 2651; x_wconf 88' lang='lat' dir='ltr'>contra</span> <span class='ocrx_word' id='word_1_180' title='bbox 621 2585 845 2668; x_wconf 87' lang='lat' dir='ltr'>Apollodorus</span> <span class='ocrx_word' id='word_1_181' title='bbox 879 2585 1022 2664; x_wconf 89' lang='lat' dir='ltr'>probare</span> <span class='ocrx_word' id='word_1_182' title='bbox 1044 2584 1157 2649; x_wconf 85' lang='lat' dir='ltr'>studet</span> <span class='ocrx_word' id='word_1_183' title='bbox 1182 2583 1372 2649; x_wconf 86' lang='lat' dir='ltr'>Phormioni</span> 
     </span>
     <span class='ocr_line' id='line_1_24' title="bbox 264 2682 1370 2769; baseline -0.003 -20"><span class='ocrx_word' id='word_1_184' title='bbox 264 2703 329 2750; x_wconf 94' lang='lat' dir='ltr'>non</span> <span class='ocrx_word' id='word_1_185' title='bbox 351 2684 492 2769; x_wconf 84' lang='lat' dir='ltr'>licuisse,</span> <span class='ocrx_word' id='word_1_186' title='bbox 515 2686 600 2768; x_wconf 88' lang='lat' dir='ltr'>quod</span> <span class='ocrx_word' id='word_1_187' title='bbox 623 2694 710 2752; x_wconf 89' lang='lat' dir='ltr'>esset</span> <span class='ocrx_word' id='word_1_188' title='bbox 731 2682 975 2764; x_wconf 84' lang='lat' dir='ltr'>adscripticios!</span> <span class='ocrx_word' id='word_1_189' title='bbox 1019 2683 1091 2746; x_wconf 88' lang='lat' dir='ltr'>Hoc</span> <span class='ocrx_word' id='word_1_190' title='bbox 1113 2683 1182 2746; x_wconf 93' lang='lat' dir='ltr'>loco</span> <span class='ocrx_word' id='word_1_191' title='bbox 1203 2682 1312 2747; x_wconf 88' lang='lat' dir='ltr'>nescio</span> <span class='ocrx_word' id='word_1_192' title='bbox 1327 2701 1370 2747; x_wconf 89' lang='lat' dir='ltr'>au</span> 
     </span>
     <span class='ocr_line' id='line_1_25' title="bbox 263 2780 1370 2866; baseline -0.001 -17"><span class='ocrx_word' id='word_1_193' title='bbox 263 2789 375 2866; x_wconf 89' lang='lat' dir='ltr'>aptum</span> <span class='ocrx_word' id='word_1_194' title='bbox 398 2785 443 2853; x_wconf 92' lang='lat' dir='ltr'>sit</span> <span class='ocrx_word' id='word_1_195' title='bbox 465 2806 595 2852; x_wconf 91' lang='lat' dir='ltr'>monere</span> <span class='ocrx_word' id='word_1_196' title='bbox 618 2786 697 2851; x_wconf 90' lang='lat' dir='ltr'>dicti</span> <span class='ocrx_word' id='word_1_197' title='bbox 711 2785 846 2850; x_wconf 86' lang='lat' dir='ltr'>Hieron.</span> <span class='ocrx_word' id='word_1_198' title='bbox 862 2783 904 2846; x_wconf 83' lang='lat' dir='ltr'>W</span> <span class='ocrx_word' id='word_1_199' title='bbox 907 2781 983 2863; x_wconf 87' lang='lat' dir='ltr'>olfii,</span> <span class='ocrx_word' id='word_1_200' title='bbox 1006 2782 1061 2861; x_wconf 93' lang='lat' dir='ltr'>qui</span> <span class='ocrx_word' id='word_1_201' title='bbox 1079 2780 1243 2864; x_wconf 75' lang='lat' dir='ltr'>Judicavit</span> <span class='ocrx_word' id='word_1_202' title='bbox 1264 2782 1298 2846; x_wconf 92' lang='lat' dir='ltr'>in</span> <span class='ocrx_word' id='word_1_203' title='bbox 1320 2782 1370 2848; x_wconf 87' lang='lat' dir='ltr'>lris</span> 
     </span>
     <span class='ocr_line' id='line_1_26' title="bbox 264 2883 1371 2968; baseline -0.001 -20"><span class='ocrx_word' id='word_1_204' title='bbox 264 2883 392 2968; x_wconf 82' lang='lat' dir='ltr'>legibus</span> <span class='ocrx_word' id='word_1_205' title='bbox 414 2888 550 2953; x_wconf 89' lang='lat' dir='ltr'>multum</span> <span class='ocrx_word' id='word_1_206' title='bbox 572 2906 644 2953; x_wconf 90' lang='lat' dir='ltr'>esse</span> <span class='ocrx_word' id='word_1_207' title='bbox 666 2883 879 2951; x_wconf 86' lang='lat' dir='ltr'>obscuritatis</span> <span class='ocrx_word' id='word_1_208' title='bbox 910 2901 981 2947; x_wconf 84' lang='lat' dir='ltr'>cum</span> <span class='ocrx_word' id='word_1_209' title='bbox 1011 2888 1148 2963; x_wconf 88' lang='lat' dir='ltr'>propter</span> <span class='ocrx_word' id='word_1_210' title='bbox 1170 2885 1371 2948; x_wconf 88' lang='lat' dir='ltr'>vetustatem</span> 
     </span>
     <span class='ocr_line' id='line_1_27' title="bbox 265 2982 1371 3068; baseline -0.002 -18"><span class='ocrx_word' id='word_1_211' title='bbox 265 2990 294 3051; x_wconf 89' lang='lat' dir='ltr'>et</span> <span class='ocrx_word' id='word_1_212' title='bbox 321 2985 606 3068; x_wconf 89' lang='lat' dir='ltr'>depravationem,</span> <span class='ocrx_word' id='word_1_213' title='bbox 630 2991 697 3051; x_wconf 88' lang='lat' dir='ltr'>tum</span> <span class='ocrx_word' id='word_1_214' title='bbox 720 2986 759 3050; x_wconf 90' lang='lat' dir='ltr'>ob</span> <span class='ocrx_word' id='word_1_215' title='bbox 783 2982 996 3049; x_wconf 86' lang='lat' dir='ltr'>calliditatem</span> <span class='ocrx_word' id='word_1_216' title='bbox 1019 2987 1201 3065; x_wconf 88' lang='lat' dir='ltr'>oratorum,</span> <span class='ocrx_word' id='word_1_217' title='bbox 1236 2982 1292 3063; x_wconf 92' lang='lat' dir='ltr'>qui</span> <span class='ocrx_word' id='word_1_218' title='bbox 1315 3002 1371 3048; x_wconf 87' lang='lat' dir='ltr'>eas</span> 
     </span>
     <span class='ocr_line' id='line_1_28' title="bbox 264 3083 1370 3167; baseline -0.001 -17"><span class='ocrx_word' id='word_1_219' title='bbox 264 3090 298 3150; x_wconf 91' lang='lat' dir='ltr'>et</span> <span class='ocrx_word' id='word_1_220' title='bbox 331 3085 484 3151; x_wconf 89' lang='lat' dir='ltr'>mutilare</span> <span class='ocrx_word' id='word_1_221' title='bbox 506 3090 540 3152; x_wconf 88' lang='lat' dir='ltr'>et</span> <span class='ocrx_word' id='word_1_222' title='bbox 561 3104 619 3151; x_wconf 92' lang='lat' dir='ltr'>suo</span> <span class='ocrx_word' id='word_1_223' title='bbox 642 3086 805 3151; x_wconf 91' lang='lat' dir='ltr'>commodo</span> <span class='ocrx_word' id='word_1_224' title='bbox 839 3086 954 3167; x_wconf 89' lang='lat' dir='ltr'>quovis</span> <span class='ocrx_word' id='word_1_225' title='bbox 987 3083 1184 3164; x_wconf 90' lang='lat' dir='ltr'>detorquere</span> <span class='ocrx_word' id='word_1_226' title='bbox 1216 3084 1370 3149; x_wconf 90' lang='lat' dir='ltr'>solerent.</span> 
     </span>
     <span class='ocr_line' id='line_1_29' title="bbox 263 3183 1372 3270; baseline -0.004 -18"><span class='ocrx_word' id='word_1_227' title='bbox 263 3186 369 3270; x_wconf 90' lang='lat' dir='ltr'>Hujus</span> <span class='ocrx_word' id='word_1_228' title='bbox 402 3192 512 3252; x_wconf 91' lang='lat' dir='ltr'>autern</span> <span class='ocrx_word' id='word_1_229' title='bbox 539 3186 601 3250; x_wconf 93' lang='lat' dir='ltr'>loci</span> <span class='ocrx_word' id='word_1_230' title='bbox 628 3185 857 3257; x_wconf 83' lang='lat' dir='ltr'>difficultatem</span> <span class='ocrx_word' id='word_1_231' title='bbox 887 3185 1010 3268; x_wconf 91' lang='lat' dir='ltr'>primus</span> <span class='ocrx_word' id='word_1_232' title='bbox 1044 3184 1180 3250; x_wconf 89' lang='lat' dir='ltr'>sustulit</span> <span class='ocrx_word' id='word_1_233' title='bbox 1207 3183 1372 3263; x_wconf 65' lang='lat' dir='ltr'>l‘leierus³</span> 
     </span>
     <span class='ocr_line' id='line_1_30' title="bbox 264 3283 1370 3369; baseline -0.002 -18"><span class='ocrx_word' id='word_1_234' title='bbox 264 3306 336 3352; x_wconf 93' lang='lat' dir='ltr'>cum</span> <span class='ocrx_word' id='word_1_235' title='bbox 359 3287 602 3352; x_wconf 88' lang='lat' dir='ltr'>demonstraret</span> <span class='ocrx_word' id='word_1_236' title='bbox 623 3288 709 3352; x_wconf 81' lang='lat' dir='ltr'>liano</span> <span class='ocrx_word' id='word_1_237' title='bbox 730 3288 853 3369; x_wconf 80' lang='lat' dir='ltr'>legem,</span> <span class='ocrx_word' id='word_1_238' title='bbox 887 3305 983 3368; x_wconf 88' lang='lat' dir='ltr'>quam</span> <span class='ocrx_word' id='word_1_239' title='bbox 1015 3285 1190 3369; x_wconf 84' lang='lat' dir='ltr'>legislator</span> <span class='ocrx_word' id='word_1_240' title='bbox 1222 3286 1262 3350; x_wconf 92' lang='lat' dir='ltr'>de</span> <span class='ocrx_word' id='word_1_241' title='bbox 1294 3283 1370 3350; x_wconf 89' lang='lat' dir='ltr'>filiis</span> 
     </span>
     <span class='ocr_line' id='line_1_31' title="bbox 263 3386 1369 3468; baseline -0.002 -17"><span class='ocrx_word' id='word_1_242' title='bbox 263 3386 432 3467; x_wconf 86' lang='lat' dir='ltr'>adoptatis</span> <span class='ocrx_word' id='word_1_243' title='bbox 454 3392 631 3467; x_wconf 88' lang='lat' dir='ltr'>statuerat,</span> <span class='ocrx_word' id='word_1_244' title='bbox 654 3387 888 3468; x_wconf 90' lang='lat' dir='ltr'>Apollodorum</span> <span class='ocrx_word' id='word_1_245' title='bbox 920 3386 1037 3452; x_wconf 90' lang='lat' dir='ltr'>callide</span> <span class='ocrx_word' id='word_1_246' title='bbox 1070 3386 1113 3451; x_wconf 88' lang='lat' dir='ltr'>ad</span> <span class='ocrx_word' id='word_1_247' title='bbox 1141 3386 1229 3451; x_wconf 86' lang='lat' dir='ltr'>cives</span> <span class='ocrx_word' id='word_1_248' title='bbox 1258 3403 1369 3466; x_wconf 78' lang='lat' dir='ltr'>novoS,</span> 
     </span>
    </p>
   </div>
   <div class='ocr_carea' id='block_1_3' title="bbox 262 3552 1370 4209">
    <p class='ocr_par' dir='ltr' id='par_1_5' title="bbox 349 3552 1245 3622">
     <span class='ocr_line' id='line_1_32' title="bbox 349 3552 1245 3622; baseline -0.002 -16"><span class='ocrx_word' id='word_1_249' title='bbox 349 3556 356 3584; x_wconf 95' lang='lat'><strong>¹</strong></span> <span class='ocrx_word' id='word_1_250' title='bbox 376 3552 408 3606; x_wconf 86' lang='lat' dir='ltr'>cf.</span> <span class='ocrx_word' id='word_1_251' title='bbox 427 3553 560 3621; x_wconf 85' lang='lat' dir='ltr'>Krueger,</span> <span class='ocrx_word' id='word_1_252' title='bbox 578 3559 721 3622; x_wconf 81' lang='lat' dir='ltr'>grammat.</span> <span class='ocrx_word' id='word_1_253' title='bbox 739 3553 849 3622; x_wconf 85' lang='lat' dir='ltr'>liuguae</span> <span class='ocrx_word' id='word_1_254' title='bbox 867 3570 906 3621; x_wconf 79' lang='lat' dir='ltr'>gr.</span> <span class='ocrx_word' id='word_1_255' title='bbox 925 3553 941 3619; x_wconf 66' lang='grc' dir='ltr'><strong>ἓ</strong></span> <span class='ocrx_word' id='word_1_256' title='bbox 959 3555 992 3607; x_wconf 81' lang='lat'>58</span> <span class='ocrx_word' id='word_1_257' title='bbox 1010 3552 1053 3607; x_wconf 92' lang='lat' dir='ltr'>tit.</span> <span class='ocrx_word' id='word_1_258' title='bbox 1071 3553 1088 3605; x_wconf 84' lang='lat'>4</span> <span class='ocrx_word' id='word_1_259' title='bbox 1105 3557 1161 3605; x_wconf 92' lang='lat' dir='ltr'>not.</span> <span class='ocrx_word' id='word_1_260' title='bbox 1179 3553 1203 3619; x_wconf 81' lang='lat'>4,</span> <span class='ocrx_word' id='word_1_261' title='bbox 1221 3553 1245 3605; x_wconf 86' lang='lat'>5.</span> 
     </span>
    </p>

    <p class='ocr_par' dir='ltr' id='par_1_6' title="bbox 348 3637 808 3704">
     <span class='ocr_line' id='line_1_33' title="bbox 348 3637 808 3704; baseline -0.004 -14"><span class='ocrx_word' id='word_1_262' title='bbox 348 3637 409 3691; x_wconf 79' lang='lat' dir='ltr'>’ci</span> <span class='ocrx_word' id='word_1_263' title='bbox 427 3637 500 3691; x_wconf 87' lang='lat' dir='ltr'>Isaei</span> <span class='ocrx_word' id='word_1_264' title='bbox 517 3642 585 3691; x_wconf 87' lang='lat' dir='ltr'>orat.</span> <span class='ocrx_word' id='word_1_265' title='bbox 604 3637 620 3691; x_wconf 83' lang='lat'><strong>3</strong></span> <span class='ocrx_word' id='word_1_266' title='bbox 638 3637 653 3704; x_wconf 64' lang='grc' dir='ltr'><strong>ἓ</strong></span> <span class='ocrx_word' id='word_1_267' title='bbox 670 3639 703 3690; x_wconf 82' lang='lat'>42</span> <span class='ocrx_word' id='word_1_268' title='bbox 722 3643 750 3692; x_wconf 93' lang='lat' dir='ltr'>et</span> <span class='ocrx_word' id='word_1_269' title='bbox 768 3639 808 3692; x_wconf 84' lang='grc'>68.</span> 
     </span>
    </p>

    <p class='ocr_par' dir='ltr' id='par_1_7' title="bbox 262 3718 1370 4209">
     <span class='ocr_line' id='line_1_34' title="bbox 347 3718 1370 3791; baseline -0.005 -16"><span class='ocrx_word' id='word_1_270' title='bbox 347 3722 407 3775; x_wconf 71' lang='lat' dir='ltr'>&#39;ct</span> <span class='ocrx_word' id='word_1_271' title='bbox 426 3721 519 3790; x_wconf 91' lang='lat' dir='ltr'>Meier,</span> <span class='ocrx_word' id='word_1_272' title='bbox 538 3722 570 3775; x_wconf 91' lang='lat' dir='ltr'>de</span> <span class='ocrx_word' id='word_1_273' title='bbox 588 3721 665 3775; x_wconf 89' lang='lat' dir='ltr'>bonis</span> <span class='ocrx_word' id='word_1_274' title='bbox 684 3721 872 3775; x_wconf 88' lang='lat' dir='ltr'>damnatorum</span> <span class='ocrx_word' id='word_1_275' title='bbox 889 3740 915 3791; x_wconf 94' lang='lat' dir='ltr'>p.</span> <span class='ocrx_word' id='word_1_276' title='bbox 932 3722 972 3775; x_wconf 83' lang='grc'>60.</span> <span class='ocrx_word' id='word_1_277' title='bbox 1007 3721 1085 3774; x_wconf 89' lang='lat' dir='ltr'>Hauc</span> <span class='ocrx_word' id='word_1_278' title='bbox 1103 3718 1266 3774; x_wconf 89' lang='lat' dir='ltr'>sententiam</span> <span class='ocrx_word' id='word_1_279' title='bbox 1284 3732 1370 3787; x_wconf 85' lang='lat' dir='ltr'>paene</span> 
     </span>
     <span class='ocr_line' id='line_1_35' title="bbox 263 3802 1370 3876; baseline -0.005 -17"><span class='ocrx_word' id='word_1_280' title='bbox 263 3822 356 3860; x_wconf 89' lang='lat' dir='ltr'>omues</span> <span class='ocrx_word' id='word_1_281' title='bbox 373 3806 563 3876; x_wconf 81' lang='lat' dir='ltr'>probaverunt,</span> <span class='ocrx_word' id='word_1_282' title='bbox 582 3806 628 3873; x_wconf 91' lang='lat' dir='ltr'>qui</span> <span class='ocrx_word' id='word_1_283' title='bbox 646 3810 709 3874; x_wconf 92' lang='lat' dir='ltr'>post</span> <span class='ocrx_word' id='word_1_284' title='bbox 727 3804 857 3859; x_wconf 87' lang='lat' dir='ltr'>Meierum</span> <span class='ocrx_word' id='word_1_285' title='bbox 875 3804 907 3857; x_wconf 93' lang='lat' dir='ltr'>de</span> <span class='ocrx_word' id='word_1_286' title='bbox 924 3804 966 3857; x_wconf 87' lang='lat' dir='ltr'>his</span> <span class='ocrx_word' id='word_1_287' title='bbox 984 3802 1074 3857; x_wconf 85' lang='lat' dir='ltr'>verbis</span> <span class='ocrx_word' id='word_1_288' title='bbox 1091 3802 1313 3872; x_wconf 83' lang='lat' dir='ltr'>disputaverunt,</span> <span class='ocrx_word' id='word_1_289' title='bbox 1338 3807 1370 3855; x_wconf 91' lang='lat' dir='ltr'>ut</span> 
     </span>
     <span class='ocr_line' id='line_1_36' title="bbox 262 3885 1369 3960; baseline -0.005 -16"><span class='ocrx_word' id='word_1_290' title='bbox 262 3906 287 3945; x_wconf 86' lang='lat' dir='ltr'>v.</span> <span class='ocrx_word' id='word_1_291' title='bbox 306 3891 330 3944; x_wconf 88' lang='lat' dir='ltr'>d.</span> <span class='ocrx_word' id='word_1_292' title='bbox 348 3891 386 3944; x_wconf 86' lang='lat' dir='ltr'>Es</span> <span class='ocrx_word' id='word_1_293' title='bbox 402 3891 421 3944; x_wconf 92' lang='lat' dir='ltr'>l.</span> <span class='ocrx_word' id='word_1_294' title='bbox 438 3891 455 3945; x_wconf 97' lang='lat' dir='ltr'>l.</span> <span class='ocrx_word' id='word_1_295' title='bbox 474 3909 499 3960; x_wconf 93' lang='lat' dir='ltr'>p.</span> <span class='ocrx_word' id='word_1_296' title='bbox 517 3892 563 3955; x_wconf 74' lang='lat'>80¹,</span> <span class='ocrx_word' id='word_1_297' title='bbox 580 3891 660 3944; x_wconf 89' lang='lat' dir='ltr'>Blass</span> <span class='ocrx_word' id='word_1_298' title='bbox 677 3890 695 3943; x_wconf 97' lang='lat' dir='ltr'>l.</span> <span class='ocrx_word' id='word_1_299' title='bbox 713 3890 730 3943; x_wconf 92' lang='lat' dir='ltr'>l.</span> <span class='ocrx_word' id='word_1_300' title='bbox 749 3906 775 3956; x_wconf 91' lang='lat' dir='ltr'>p.</span> <span class='ocrx_word' id='word_1_301' title='bbox 793 3890 857 3953; x_wconf 74' lang='lat'>4743</span> <span class='ocrx_word' id='word_1_302' title='bbox 884 3888 999 3941; x_wconf 88' lang='lat' dir='ltr'>Dareste</span> <span class='ocrx_word' id='word_1_303' title='bbox 1016 3888 1034 3941; x_wconf 94' lang='lat' dir='ltr'>l.</span> <span class='ocrx_word' id='word_1_304' title='bbox 1050 3888 1067 3940; x_wconf 89' lang='lat' dir='ltr'>l.</span> <span class='ocrx_word' id='word_1_305' title='bbox 1085 3903 1110 3954; x_wconf 92' lang='lat' dir='ltr'>p.</span> <span class='ocrx_word' id='word_1_306' title='bbox 1129 3888 1192 3949; x_wconf 76' lang='lat'>3073</span> <span class='ocrx_word' id='word_1_307' title='bbox 1227 3885 1369 3939; x_wconf 83' lang='lat' dir='ltr'>Caillemer</span> 
     </span>
     <span class='ocr_line' id='line_1_37' title="bbox 262 3969 1368 4042; baseline -0.005 -15"><span class='ocrx_word' id='word_1_308' title='bbox 262 3974 290 4028; x_wconf 92' lang='lat' dir='ltr'>iu</span> <span class='ocrx_word' id='word_1_309' title='bbox 308 3973 535 4029; x_wconf 87' lang='lat' dir='ltr'>commentatione</span> <span class='ocrx_word' id='word_1_310' title='bbox 559 3975 591 4028; x_wconf 93' lang='lat' dir='ltr'>de</span> <span class='ocrx_word' id='word_1_311' title='bbox 609 3974 672 4042; x_wconf 86' lang='lat' dir='ltr'>jure</span> <span class='ocrx_word' id='word_1_312' title='bbox 694 3971 822 4039; x_wconf 87' lang='lat' dir='ltr'>testandi,</span> <span class='ocrx_word' id='word_1_313' title='bbox 851 3987 919 4038; x_wconf 89' lang='lat' dir='ltr'>quae</span> <span class='ocrx_word' id='word_1_314' title='bbox 944 3970 1017 4024; x_wconf 88' lang='lat' dir='ltr'>inest</span> <span class='ocrx_word' id='word_1_315' title='bbox 1041 3970 1070 4024; x_wconf 90' lang='lat' dir='ltr'>in</span> <span class='ocrx_word' id='word_1_316' title='bbox 1096 3969 1238 4023; x_wconf 78' lang='lat' dir='ltr'>annalibus</span> <span class='ocrx_word' id='word_1_317' title='bbox 1264 3970 1368 4022; x_wconf 81' lang='lat' dir='ltr'>franco·</span> 
     </span>
     <span class='ocr_line' id='line_1_38' title="bbox 263 4053 1368 4127; baseline -0.007 -14"><span class='ocrx_word' id='word_1_318' title='bbox 263 4058 370 4126; x_wconf 81' lang='lat' dir='ltr'>gallicis</span> <span class='ocrx_word' id='word_1_319' title='bbox 384 4059 530 4127; x_wconf 86' lang='lat' dir='ltr'>„annuaire</span> <span class='ocrx_word' id='word_1_320' title='bbox 543 4059 575 4112; x_wconf 92' lang='lat' dir='ltr'>de</span> <span class='ocrx_word' id='word_1_321' title='bbox 586 4055 772 4111; x_wconf 83' lang='lat' dir='ltr'>l&#39;associatiou</span> <span class='ocrx_word' id='word_1_322' title='bbox 789 4071 859 4122; x_wconf 89' lang='lat' dir='ltr'>pour</span> <span class='ocrx_word' id='word_1_323' title='bbox 869 4055 1117 4122; x_wconf 84' lang='lat' dir='ltr'>l&#39;enconragement</span> <span class='ocrx_word' id='word_1_324' title='bbox 1128 4053 1175 4106; x_wconf 88' lang='lat' dir='ltr'>des</span> <span class='ocrx_word' id='word_1_325' title='bbox 1187 4053 1282 4108; x_wconf 78' lang='lat' dir='ltr'>etudes</span> <span class='ocrx_word' id='word_1_326' title='bbox 1294 4067 1368 4118; x_wconf 79' lang='lat' dir='ltr'>grec·</span> 
     </span>
     <span class='ocr_line' id='line_1_39' title="bbox 263 4136 1155 4209; baseline -0.009 -12"><span class='ocrx_word' id='word_1_327' title='bbox 263 4158 329 4209; x_wconf 88' lang='lat' dir='ltr'>ques</span> <span class='ocrx_word' id='word_1_328' title='bbox 347 4159 380 4198; x_wconf 90' lang='lat' dir='ltr'>en</span> <span class='ocrx_word' id='word_1_329' title='bbox 397 4140 516 4196; x_wconf 84' lang='lat' dir='ltr'>Franoe“</span> <span class='ocrx_word' id='word_1_330' title='bbox 535 4142 601 4194; x_wconf 82' lang='lat'>1870</span> <span class='ocrx_word' id='word_1_331' title='bbox 618 4158 643 4209; x_wconf 90' lang='lat' dir='ltr'>p.</span> <span class='ocrx_word' id='word_1_332' title='bbox 662 4139 707 4202; x_wconf 70' lang='lat'>263</span> <span class='ocrx_word' id='word_1_333' title='bbox 728 4136 870 4192; x_wconf 83' lang='lat' dir='ltr'>Thalheim</span> <span class='ocrx_word' id='word_1_334' title='bbox 888 4137 906 4191; x_wconf 94' lang='lat' dir='ltr'>l.</span> <span class='ocrx_word' id='word_1_335' title='bbox 924 4137 941 4190; x_wconf 94' lang='lat' dir='ltr'>l.</span> <span class='ocrx_word' id='word_1_336' title='bbox 959 4153 985 4204; x_wconf 90' lang='lat' dir='ltr'>p.</span> <span class='ocrx_word' id='word_1_337' title='bbox 1003 4139 1036 4191; x_wconf 84' lang='grc'>69</span> <span class='ocrx_word' id='word_1_338' title='bbox 1054 4137 1113 4190; x_wconf 88' lang='lat' dir='ltr'>adn.</span> <span class='ocrx_word' id='word_1_339' title='bbox 1132 4138 1155 4189; x_wconf 88' lang='lat'>3.</span> 
     </span>
    </p>
   </div>
   <div class='ocr_carea' id='block_1_4' title="bbox 0 0 1622 4834">
    <p class='ocr_par' dir='ltr' id='par_1_8' title="bbox 0 0 1622 4834">
     <span class='ocr_line' id='line_1_40' title="bbox 0 0 1622 4834; baseline 0 1"><span class='ocrx_word' id='word_1_340' title='bbox 0 0 1622 4834; x_wconf 95' lang='lat' dir='ltr'> </span> 
     </span>
    </p>
   </div>
  </div>
 </body>
</html>
