3234 4834
798 342 839 402 52

264 536 407 624 Ἐρχιεύς,
425 537 495 622 jam
517 539 789 606 Westermannus
811 538 883 619 ipse
905 537 1039 620 amovit,
1062 556 1133 603 cum
1154 536 1189 601 in
1211 537 1230 619 ἓ
1250 537 1293 602 94
1313 556 1373 619 pro

266 638 397 706 nomine
419 637 612 726 Κοθωκίδην,
634 638 718 720 quod
741 644 879 721 propter
901 639 962 704 hoc
983 656 1099 703 nomen
1126 634 1265 723 Ἑρχιεύς
1291 637 1373 703 ferri

266 758 331 806 non
352 742 473 822 potest,
495 739 696 807 Voemelium
718 745 850 805 secutus
872 738 1034 805 scriberet
1056 738 1249 826 Κοιρωνίδην.

350 1023 499 1104 Denique
520 1021 555 1088 in
576 1023 671 1107 hujus
693 1020 854 1088 orationis
875 1021 914 1104 ἐξ
937 1024 996 1087 159
1018 1040 1122 1104 usque
1143 1023 1186 1087 ad
1211 1021 1266 1086 161
1292 1022 1373 1088 haec

267 1123 331 1190 duo
353 1123 573 1190 instrumenta
596 1126 739 1203 exstant,
762 1127 920 1204 separata
940 1122 1051 1187 verbis
1074 1121 1233 1202 oratoris,
1255 1122 1372 1204 quibus

268 1243 304 1291 se
327 1225 370 1291 ad
392 1223 533 1291 scribam
555 1221 719 1304 publicum
741 1221 860 1288 vertit:

347 1424 349 1429 ,
392 1341 458 1424 λέγε
474 1343 527 1428 τὴν
544 1338 724 1425 μαρτυρίαν,
747 1335 852 1402 ἔπειτα
876 1340 928 1428 τὴν
950 1340 1119 1428 πρόκλησιν.

393 1457 562 1543 Μαρτυρία.
604 1457 803 1546 Ἱπποκράτης
824 1456 1038 1542 Ἱπποκράτους
1063 1458 1284 1543 Προβαλίσιος,
1312 1459 1372 1546 Δη-

391 1558 548 1646 μοσθένης
577 1556 790 1646 Δημοσθένους
819 1558 994 1632 Παιανιεύς,
1027 1559 1179 1646 Διοφάνης
1208 1558 1376 1644 Διοφάνους

392 1655 604 1745 Ἀλωπεκῆθεν,
634 1657 781 1745 Διομένης
808 1655 966 1742 Ἀρχελάου
996 1658 1232 1746 Κυδαθηναιεύς,
1260 1658 1376 1728 Δεινίας

396 1757 547 1844 Φορμίδου
581 1757 778 1846 Κυδαντίδης,
812 1756 987 1841 Δυσιῇυαγος
1021 1757 1176 1822 Λυσίππου
1209 1758 1373 1840 Δίγιλιεδς“

393 1862 585 1942 μαρτυροῦσι
607 1863 747 1942 παρεῖναι
768 1857 801 1920 ἐν
823 1858 938 1942 άγορηῖ,
961 1855 1005 1921 ὅτ’
1027 1856 1252 1942 Ἀπολλόδωρος
1276 1859 1372 1943 πρού-

393 1959 511 2023 καλεῖτο
545 1957 719 2043 Στέφανον,
747 1958 841 2030 ἀξιῶν
870 1957 1059 2042 παραδοῦναι
1088 1958 1132 2034 εἷς
1156 1957 1292 2040 βάσανον
1321 1959 1376 2027 τὰς

394 2057 595 2143 θεραπαίνας,
630 2060 699 2142 περὶ
733 2056 777 2119 ὧν
811 2054 914 2143 ᾐτιᾶτο
953 2054 1176 2142 Ἀπολλόδωρος
1213 2057 1373 2144 Στέφανον

394 2161 463 2244 περὶ
493 2157 639 2242 Νεαίρας·
675 2156 835 2243 Στέφανον
871 2156 899 2220 δ’
926 2157 980 2220 ούκ
1009 2157 1150 2246 ἐθελῆσαι
1183 2159 1372 2243 παραδοῦναι

402 2260 456 2329 τὰς
475 2258 676 2344 θεραπαίνας·
708 2259 760 2345 τὴν
789 2258 825 2320 δὲ
855 2257 1015 2346 πρόκλησιν
1037 2257 1128 2335 εἶναι,
1149 2260 1185 2346 ἣν
1207 2259 1373 2344 παρέχεται

397 2357 624 2443 Ἀπολλόδωρος.

393 2476 458 2559 λέγε
490 2477 529 2564 δη
561 2476 655 2563 αὐτὴν
688 2477 740 2563 τὴν
774 2475 949 2562 πρόκλησιν,
981 2476 1016 2562 ἣν
1050 2474 1282 2562 προύκαλούμην
1314 2475 1372 2556 ἐγὼ

394 2574 553 2661 Στέφανον
577 2573 699 2639 τουτονί.

395 2692 572 2779 Πρόκλησις.
623 2691 700 2754 Τάδε
729 2690 928 2775 προύκαλεῖτο
955 2689 1179 2776 ἶλπολλύδωρος
1204 2691 1373 2777 Στέφανον,

399 2795 468 2878 περί
496 2791 539 2856 ὧν
568 2794 621 2880 τὴν
648 2792 768 2877 γραφὴν
796 2789 973 2874 γέγραπται,
1003 2790 1136 2875 Νέαιραν
1166 2793 1252 2881 ξένην
1280 2791 1373 2856 οὖσαν

398 2894 483 2977 α’στῷ
492 2895 646 2966 συνοικεῖν,
659 2890 780 2974 ἕτοιμος
794 2888 839 2952 ὢν
851 2890 906 2959 τὰς
921 2890 1110 2974 θεραπαίνας
1125 2893 1374 2977 παραλαμβάνειν

400 2994 455 3063 τὰς
475 2991 620 3077 Νεαίρας,
642 2991 681 3060 ἃς
699 2990 734 3054 ἐκ
755 2990 904 3074 Νεγάρων
926 2987 1040 3074 ἔχουσα
1061 2989 1149 3078 ἦλθε,
1168 2993 1305 3079 θρᾷτταν
1327 2994 1374 3056 καί

398 3092 578 3181 Κοκκαλίνην
610 3094 658 3155 καὶ
687 3092 725 3159 ἃς
755 3090 883 3176 ὕστερον
917 3092 1000 3175 παρὰ
1033 3091 1185 3178 Στεφάνῳ
1218 3093 1373 3181 ἐκτήσατο,

398 3194 524 3258 Ξεννίδα
556 3195 605 3257 καί
636 3191 783 3277 Δροσίδα,
817 3192 872 3261 τὰς
901 3191 1015 3260 εἰδυίας
1043 3193 1182 3277 ἀκριβῶς
1213 3195 1281 3278 περὶ
1315 3197 1373 3256 τῶν

397 3294 510 3359 παίδων
538 3298 598 3358 τῶν
625 3291 771 3377 Νεαίρας,
794 3293 840 3355 ύτι
868 3292 923 3355 ούκ
951 3292 985 3356 ἐκ
1013 3292 1174 3378 Στεφάνου
1196 3293 1265 3368 εἰσί,
1286 3293 1373 3376 ΙΙρύ-

396 3396 482 3468 ξενύς
509 3397 580 3458 τείν
604 3393 787 3482 τελευτήσας
812 3395 860 3454 καὶ
888 3391 1024 3476 Ἀρίστων
1047 3394 1063 3453 ύ
1086 3395 1138 3455 νύν
1166 3391 1211 3455 ὢν
1239 3394 1286 3455 καὶ
1313 3391 1373 3455 ἰδν-

400 3493 559 3583 τιδωρίδης
577 3496 595 3556 δ
615 3493 844 3577 στασιοδρομῶν
866 3493 915 3555 καὶ
939 3490 1037 3566 Φανώ,
1059 3488 1107 3577 ἐφ’
1124 3486 1152 3576 ᾦ
1168 3516 1200 3554 τε
1214 3491 1373 3574 βασανίσαι

397 3594 498 3663 αύτάς.
533 3595 581 3657 καὶ
609 3594 636 3657 ελ
664 3593 723 3678 μὲν
756 3594 929 3677 ὁμολογοῖεν
962 3591 996 3655 ἐκ
1024 3590 1186 3676 Στεφάνου
1219 3591 1294 3655 εἶναι
1326 3596 1374 3656 καί

395 3694 529 3779 Νεαίρας
556 3695 682 3764 τούτους
707 3693 777 3763 τοὺς
797 3694 921 3768 παῖδας,
944 3691 1118 3777 πεπρᾶσθαι
1140 3692 1274 3775 Νέαιραν
1297 3694 1373 3756 κατὰ

396 3793 469 3864 τοὺς
495 3794 607 3877 νόμους
640 3796 688 3859 καί
725 3793 797 3863 τούς
824 3794 936 3863 παῖδας
964 3792 1069 3866 ξένους
1094 3792 1183 3856 εῖναι·
1214 3792 1240 3855 εἷ
1268 3792 1304 3855 δὲ
1329 3794 1374 3879 μὴ

397 3896 570 3978 ὁμολογοῖεν
606 3894 639 3958 ἐκ
675 3895 787 3983 ταύτης
821 3893 896 3957 εἶναι
938 3893 1064 3967 αύτούς,
1100 3889 1161 3955 ἀλλ’
1198 3892 1235 3965 ἐξ
1267 3892 1377 3977 ἑτέρας

357 4096 365 4124 ¹
382 4094 460 4148 Hanc
477 4094 636 4161 scripturam
659 4109 708 4164 pro
729 4093 777 4147 illa
797 4092 927 4147 librorum
952 4091 1088 4166 Αἰγιαλεύς
1104 4091 1206 4161 primns
1223 4091 1374 4147 Palmerius

269 4174 402 4231 restituit.
