3234 4834
259 481 437 546 δικάσασθαι
458 482 546 550 inter
560 503 596 550 se
612 482 839 569 conjungenda
854 498 936 547 esse.
979 480 1043 546 Sed
1058 479 1202 546 fortasse
1219 484 1364 560 opponat

259 580 420 663 quispiam
441 583 475 649 in
497 585 580 669 lege,
603 604 687 667 quae
709 603 729 650 a
751 582 868 649 Solone
892 581 1052 665 originem
1074 582 1188 660 ducat,
1212 591 1245 645 et
1272 579 1362 645 illam

257 681 451 749 inusitatam
462 685 556 751 verbi
578 690 673 750 ποιεῖν
694 683 967 768 significationem
976 687 1012 748 et
1022 683 1108 747 hanc
1120 680 1357 764 posterioribus

258 783 460 865 temporibus
482 785 648 852 insolitam
670 784 947 852 constructionem
968 781 1111 865 perferri
1128 800 1238 864 posse;
1261 799 1363 863 quare

260 881 311 948 his
347 884 454 949 causis
489 885 651 968 neglectis
687 903 774 951 nunc
807 885 841 950 in
877 888 983 950 totum
1015 881 1099 965 legis
1135 887 1365 966 argumentum

257 982 469 1064 inquiramus.

343 1101 453 1167 Verba
485 1110 596 1168 autem
622 1102 751 1168 tradita
773 1102 825 1167 ita
857 1101 1076 1183 intellegere,¹
1107 1105 1145 1165 ut
1179 1103 1363 1166 vertamus:

260 1201 398 1283 „quibus
415 1203 469 1285 Jus
493 1201 640 1269 civitatis
661 1221 726 1268 non
752 1202 802 1269 ita
824 1202 937 1268 datum
962 1205 1028 1282 est,
1055 1204 1092 1265 ut
1121 1219 1181 1266 neo
1208 1200 1365 1282 abrogari

260 1301 375 1368 necin
397 1302 655 1370 controversiam
676 1302 789 1369 vocari
812 1301 942 1384 queat“,
963 1301 1149 1383 complura²
1169 1319 1229 1367 nos
1239 1303 1364 1367 vetant.

259 1402 372 1484 Neque
394 1403 479 1469 enim
502 1405 568 1469 ullo
591 1404 653 1469 alio
675 1404 746 1469 loco
768 1404 921 1469 docemur
949 1401 1036 1485 apud
1065 1400 1283 1471 Athenienses
1305 1398 1366 1465 tali

260 1503 353 1568 modo
377 1502 546 1570 civitatem
574 1504 690 1570 donari
716 1505 876 1587 potuisse;
907 1503 1024 1569 deinde
1052 1521 1116 1568 vox
1144 1500 1366 1576 ἐπιδικάζεσθαι

260 1622 325 1669 non
353 1604 455 1671 habet
482 1605 756 1689 significationem
781 1604 816 1669 in
845 1605 1103 1671 controversiam
1124 1601 1280 1684 vocandi,
1307 1601 1366 1668 sed

261 1704 324 1770 sibi
346 1704 549 1790 vindicandi,
580 1706 720 1788 denique
749 1707 900 1789 intellegi
927 1724 993 1772 non
1020 1709 1147 1789 potest,
1170 1722 1228 1769 cur
1258 1702 1365 1779 Solon,

261 1823 333 1870 cum
365 1806 427 1871 hoc
458 1805 611 1874 instituto
644 1807 838 1874 testamenti
870 1806 1013 1873 faciendi
1044 1804 1078 1871 id
1109 1805 1203 1871 modo
1235 1803 1366 1869 efficere

260 1906 373 1987 vellet,
395 1911 434 1972 ut
454 1908 622 1974 hereditas
644 1908 678 1973 in
700 1909 827 1975 familia
857 1914 1019 1990 maneret,
1042 1907 1077 1973 id
1102 1907 1188 1989 quod
1213 1904 1366 1988 ingenuis

261 2005 387 2073 civibus
413 2008 579 2091 permisit,
606 2008 797 2091 adscriptis,
826 2008 882 2090 qui
905 2009 1081 2074 inhaere
1111 2007 1240 2073 illorum
1268 2025 1366 2088 pares

256 2105 426 2188 judicandi
447 2114 532 2192 sunt,
554 2129 619 2175 non
641 2109 839 2192 permiserit.

343 2226 456 2306 Neque
485 2245 563 2293 vero
596 2227 657 2293 hoc
684 2228 777 2292 modo
807 2227 995 2308 explicare³
1022 2225 1111 2292 licet:
1155 2226 1367 2308 „quicumque

261 2343 325 2389 non
341 2330 418 2391 sunt
434 2325 522 2391 cives
538 2326 708 2408 adscripti,
723 2325 764 2391 iis
779 2326 878 2391 liceto
894 2344 954 2392 sua
968 2325 1072 2392 libero
1087 2325 1227 2392 arbitrio
1242 2326 1366 2409 legere,

260 2425 369 2491 itaut
390 2446 451 2492 nec
480 2427 638 2508 impedita
670 2426 737 2492 sint
764 2446 825 2492 nec
853 2426 887 2492 in
916 2426 1035 2510 judicio
1062 2427 1102 2493 de
1135 2427 1183 2493 eis
1209 2427 1366 2511 agatur“:

261 2543 337 2590 nam
359 2525 498 2607 primum
520 2525 648 2606 quidem
671 2526 828 2592 credibile
849 2546 913 2592 non
936 2531 987 2594 est
1009 2527 1092 2611 legis
1122 2534 1305 2611 auctorem,
1339 2529 1368 2594 si

262 2625 347 2692 hanc
361 2626 559 2693 sententiam
574 2627 725 2709 proferre
740 2627 909 2710 voluisset,
924 2633 993 2693 tam
1007 2629 1179 2695 obscuram
1195 2629 1367 2696 verborum

262 2725 456 2808 positionem
493 2730 526 2790 et
563 2724 838 2792 constructionem
875 2735 1107 2808 usurpaturum
1147 2728 1262 2809 fuisse3
1298 2734 1368 2796 tum

263 2826 374 2892 Soloni
409 2845 474 2892 non
514 2825 622 2908 licuit,
657 2844 727 2891 cum
762 2828 849 2892 hanc
881 2826 986 2911 legem
1019 2827 1170 2911 scripsit,
1197 2829 1270 2895 voci
1302 2830 1367 2894 ἐπι-

262 2924 433 3000 δικάζεσθαι
456 2925 520 2990 vim
548 2926 741 2992 succedendi
762 2927 856 2992 modo
879 2928 920 2992 ab
942 2927 1102 2995 intestato
1135 2963 1176 2976 -
1209 2950 1273 3010 qua
1300 2949 1366 2996 una

263 3024 504 3108 significatione
529 3027 590 3091 hoc
628 3027 699 3092 loco
726 3025 877 3109 intellegi
911 3027 1009 3092 debet
1043 3065 1080 3073 ω
1114 3029 1276 3112 subicere,
1310 3030 1367 3096 sed

262 3124 346 3190 ratio
374 3125 527 3191 habenda
555 3135 629 3192 erat
656 3145 765 3192 eorum
794 3144 920 3208 quoque
944 3135 1142 3212 temporum,
1166 3129 1282 3210 quibus
1301 3129 1367 3192 ἐσι-

262 3225 390 3289 δικασίαι
423 3233 456 3292 et
484 3246 524 3292 ex
553 3232 752 3294 testamento
775 3235 809 3294 et
831 3229 873 3293 ab
899 3226 1059 3295 intestato
1087 3233 1196 3310 erant3
1229 3229 1368 3311 denique

263 3330 491 3409 argumentum
515 3331 621 3393 totum
642 3335 809 3412 repugnat
831 3327 912 3411 legi,
947 3328 1037 3412 cujus
1069 3329 1176 3411 paullo
1209 3335 1301 3413 post,
1333 3329 1368 3395 in

263 3425 282 3511 ξ
311 3426 361 3501 θ9,
396 3431 508 3494 orator
536 3427 730 3494 mentionem
758 3429 842 3494 facit
871 3447 998 3511 quaque
1026 3429 1201 3512 statuitur,
1234 3437 1272 3496 ut
1304 3430 1368 3495 ἐπι-

264 3526 381 3591 δικασία
404 3533 473 3593 tum
495 3547 621 3610 quoque
643 3529 712 3612 fiat,
729 3548 800 3596 oum
813 3532 909 3596 heres
925 3548 965 3596 ex
979 3534 1178 3597 testamento
1193 3535 1312 3614 exstet,
1335 3536 1369 3597 et

347 3716 354 3743 ¹
373 3712 432 3766 Hoc
449 3712 527 3766 modo
551 3712 748 3767 intellexeruut
766 3711 840 3767 Hier.
859 3713 976 3768 Wolfius
997 3713 1025 3768 in
1048 3713 1113 3768 edit.
1140 3730 1190 3768 sua
1211 3731 1235 3768 a.
1252 3715 1318 3770 1572
1340 3721 1369 3769 et

265 3796 379 3863 Petitus,
397 3795 464 3866 Leg.
483 3797 541 3850 Att.
560 3812 586 3863 p.
604 3797 662 3850 478.

346 3880 447 3934 ¹Duos
465 3895 560 3933 causas
574 3879 630 3947 jam
648 3878 744 3933 attulit
761 3879 927 3947 Bunseuius,
951 3880 983 3934 de
1002 3880 1063 3948 jure
1088 3881 1251 3935 hereditario
1269 3883 1367 3937 Athen.

262 3978 284 4015 a
305 3963 370 4016 1813
386 3978 411 4029 p.
431 3965 463 4018 55
480 3963 540 4016 adu.
559 3965 598 4015 12.

346 4046 431 4100 ³Hoo
454 4047 532 4100 modo
557 4045 746 4114 explicuerunt
767 4047 924 4102 Vocmehus
945 4047 974 4101 in
998 4049 1038 4102 ed.
1057 4048 1141 4104 Oxou.
1165 4054 1194 4103 et
1216 4050 1367 4116 Platnerns,

262 4129 294 4182 de
312 4129 407 4184 litibus
424 4136 453 4185 et
469 4129 622 4185 actionibus
639 4129 738 4185 Athen.
757 4146 781 4184 a.
803 4130 937 4186 1828v01.
955 4135 973 4185 2
988 4147 1015 4199 p.
1032 4134 1091 4186 321.
