3234 4834
783 333 822 396 13

255 533 480 614 „Quicumque
494 552 558 598 non
574 539 652 599 sunt
666 532 818 613 adoptati
834 533 884 597 vel
899 538 977 598 sunt
991 530 1152 618 adoptati,
1175 531 1233 597 sed
1246 535 1363 614 postea

255 654 296 699 ex
317 633 442 698 familia
464 633 622 715 adoptiva
645 639 859 699 excesserunt
890 653 996 714 neque
1025 631 1243 698 hereditatem
1265 652 1363 713 appo·

254 735 389 817 tierunt,
413 735 454 799 iis
476 734 573 801 liceto
595 734 698 799 libero
721 734 862 800 arbitrio
885 735 1031 818 legare.“
1091 733 1154 799 Sed
1177 733 1257 798 haec
1278 730 1363 813 legis

255 835 490 917 interpretatio
522 833 652 900 minime
682 835 764 899 ferri
794 840 921 917 potest3
949 853 1023 900 nam
1053 839 1090 899 ut
1119 834 1180 898 hoc
1206 834 1276 898 loco
1298 849 1361 898 vox

255 936 335 1000 ὥστε
348 938 413 1002 vim
426 935 665 1019 conjunctionis
681 935 728 1020 ἐφ’
742 931 802 1020 ῷτε
819 936 950 1017 habeat,
974 936 1006 1001 id
1021 937 1107 1016 quod
1128 934 1207 1000 mim
1227 924 1292 1000 non
1313 932 1362 997 ita

256 1035 434 1100 verisimile
457 1044 518 1116 est,
542 1055 617 1101 num
640 1036 728 1100 aliud
751 1036 784 1099 in
803 1035 916 1100 verbis
938 1035 1046 1101 inesse
1068 1040 1179 1117 potest
1199 1033 1264 1101 nisi
1285 1035 1360 1099 hoc:

257 1134 479 1217 ‚,Quioumque
513 1136 664 1217 adoptati
696 1155 760 1200 non
792 1140 884 1215 sunt,
918 1134 959 1200 iis
986 1154 1026 1200 ea
1052 1134 1240 1200 condicione
1260 1140 1298 1199 ut
1320 1136 1361 1200 ab

254 1234 467 1317 adoptatione
489 1255 553 1301 nou
575 1234 777 1300 decesserint
791 1254 898 1315 neque
913 1235 1132 1300 hereditatem
1148 1234 1360 1318 appetierint,

256 1335 353 1401 liceto
376 1337 478 1402 libero
509 1336 647 1401 arbitrio
677 1335 837 1418 legarc?“
881 1334 972 1417 Quae
988 1337 1092 1401 verba
1112 1354 1176 1400 non
1202 1334 1265 1401 sibi
1288 1354 1361 1401 ccu-

254 1436 365 1501 venire
399 1441 556 1519 apparet,
589 1436 638 1502 ita
670 1444 707 1501 ut
735 1434 980 1517 praetermissis
1007 1434 1081 1500 aliis
1109 1434 1216 1500 causis
1246 1436 1359 1501 statim

254 1538 339 1602 hanc
361 1539 400 1603 ob
423 1557 491 1603 rem
514 1537 590 1602 talis
613 1536 789 1618 explicatio
812 1536 979 1602 reicienda
1003 1536 1056 1601 sit.

337 1689 530 1771 Simplicior,
564 1690 621 1754 sed
652 1708 715 1753 non
750 1687 951 1769 probabilior
986 1692 1037 1752 est
1070 1686 1151 1752 llaec
1184 1685 1359 1768 explicatio

253 1789 442 1853 verborum:
466 1787 685 1870 „Quicumque
707 1808 771 1853 non
794 1793 890 1853 erant
912 1785 1077 1869 adoptati,
1090 1786 1140 1851 ita
1161 1790 1199 1850 ut
1220 1805 1258 1852 eo
1280 1794 1359 1852 tem·

254 1908 343 1970 pore,
367 1909 429 1970 quo
452 1889 548 1955 Solon
571 1889 803 1972 magistratum
826 1888 910 1971 iniit,
934 1888 1041 1970 patris
1063 1887 1211 1970 adoptivi
1232 1888 1359 1954 heredi·

254 1994 357 2054 tatem
379 2009 483 2071 neque
512 2009 666 2056 recusare
695 2009 800 2069 neque
829 1995 986 2071 appetere
1015 1994 1163 2069 possent,
1193 1987 1234 2054 iis
1260 1988 1358 2055 liceto

256 2089 359 2155 libero
392 2092 531 2157 arbitrio
561 2094 601 2157 de
627 2092 694 2156 suis
717 2091 948 2155 constituere.“
993 2090 1187 2155 Schulinus¹
1219 2089 1358 2171 quidem,

253 2192 308 2270 qui
344 2194 428 2257 hanc
464 2191 771 2274 interpretationem
806 2191 986 2272 proposuit,
1023 2190 1113 2256 aliud
1145 2195 1358 2272 praeceptum

253 2293 384 2373 putavit
419 2293 655 2374 praecessisse,
691 2311 752 2372 quo
787 2291 863 2356 filiis
898 2296 976 2357 ante
1008 2291 1157 2356 Solonem
1189 2291 1357 2373 adoptatis
1392 2360 1396 2368 ,

252 2396 388 2473 propter
410 2411 528 2457 novam
554 2391 638 2475 juris
665 2391 859 2457 hereditarii
889 2390 1155 2456 constitutionem
1184 2389 1357 2456 arbitrium

252 2491 363 2557 datum
397 2499 485 2558 esset
517 2490 762 2572 adoptationem
795 2496 853 2555 aut
886 2490 1061 2556 recusandi
1093 2498 1152 2557 aut
1182 2491 1355 2556 retinendi.

253 2593 298 2655 At
319 2592 457 2673 primum
487 2592 614 2674 quidem
643 2590 800 2656 traditam
831 2592 1003 2657 formulam
1032 2593 1248 2673 posteriorem
1273 2591 1356 2673 legis

252 2699 381 2772 partem
408 2692 511 2757 fuisse
541 2689 620 2756 milri
652 2691 853 2772 persuadere
882 2710 946 2757 non
978 2692 1088 2773 potui;
1122 2711 1197 2759 nam
1229 2692 1257 2758 si
1289 2690 1356 2758 tale

251 2800 462 2873 praeceptum
484 2791 730 2874 praecessisset,
753 2793 911 2874 temporis
933 2791 1140 2873 terminatio,
1163 2810 1247 2878 quac
1268 2792 1356 2858 inest

251 2891 284 2953 in
299 2891 410 2955 verbis
433 2893 484 2954 ὅτε
500 2891 607 2954 Σόλων
630 2890 723 2977 εἰσῄει
747 2894 798 2978 rip
821 2892 920 2979 ἀρχήν
935 2891 991 2956 vix
1006 2892 1040 2957 in
1056 2892 1240 2974 posteriorc
1258 2899 1355 2974 parte

251 2988 374 3071 posita,
409 2999 445 3056 at
468 2992 552 3056 duae
574 2990 658 3072 legis
680 2996 794 3072 partes
818 2990 990 3072 particulis
1019 2992 1131 3074 μὲι-δὲ
1164 2994 1355 3076 conjunctae

251 3096 371 3155 essent.
414 3091 480 3155 Cur
502 3094 610 3155 autem
633 3089 761 3154 omnino
784 3090 844 3153 tali
866 3094 1043 3171 praecepto
1066 3108 1147 3170 opus
1173 3095 1256 3172 erat,
1279 3111 1355 3173 quo-

251 3188 338 3253 niam
370 3189 495 3256 civibus
523 3188 691 3271 adoptatis
719 3208 848 3270 semper
874 3187 940 3253 filio
973 3187 1007 3253 iu
1039 3188 1166 3253 familia
1198 3190 1355 3273 adoptiva

253 3288 369 3353 relicto
392 3290 424 3354 in
447 3309 537 3355 suam
561 3288 719 3355 familiam
741 3288 850 3354 redire
871 3287 974 3370 licuit,
997 3307 1101 3369 neque
1122 3289 1181 3354 filii
1203 3290 1354 3371 adoptati

250 3388 378 3455 Solonis
400 3391 528 3474 legibus
552 3390 762 3456 hereditariis
784 3391 880 3455 ullam
897 3389 1119 3455 calamitatem
1134 3390 1353 3472 acceperuut?

251 3490 361 3570 Atque
383 3492 468 3570 quod
497 3491 624 3557 tradita
652 3492 756 3557 verba
781 3490 918 3572 attinet,
945 3507 1052 3554 nonne
1079 3490 1246 3556 sententia
1273 3491 1354 3556 ὥστε

250 3587 315 3675 ιιὴτ’
338 3592 475 3654 ἀπειπεῖν
494 3589 563 3679 μήτ’
587 3590 831 3672 ἐπιδικάσασθαι,
854 3591 915 3655 hoc
937 3591 1031 3656 modo
1055 3589 1234 3675 explicata,
1256 3592 1353 3673 plane

248 3687 373 3755 inutilis
396 3690 468 3756 est?

331 3824 405 3890 Hae
416 3824 618 3906 offensiones
627 3829 763 3907 propter
774 3844 856 3906 quas
871 3823 1018 3890 Schulini
1028 3823 1262 3907 interpretatio
1274 3822 1353 3889 milri

248 3924 426 4003 probabilis
447 3944 511 3990 non
534 3924 680 4007 videtur,
715 3944 778 3990 non
802 3928 936 3990 exstant
968 3925 1000 3988 in
1033 3924 1091 3990 illa
1124 3923 1350 4007 explicatione,

331 4164 338 4190 ¹
358 4159 390 4212 ci.
409 4160 427 4212 l.
444 4159 462 4212 l.
481 4175 506 4225 p.
526 4161 566 4211 13.
