3234 4834
782 292 822 358 35

255 496 417 562 mulierem
437 493 471 562 in
493 492 727 561 matrimonium
742 494 860 560 ducens
875 493 937 560 sibi
949 493 1012 576 ipsi
1026 493 1190 561 civitatem
1204 490 1360 575 sumebat,

255 594 335 663 civis
356 595 556 679 peregrinam
577 593 740 663 mulierem
762 593 880 660 ducens
901 613 964 660 non
985 594 1046 660 sibi
1066 593 1142 677 ipsi,
1159 593 1216 660 sed
1236 591 1362 659 mulieri

253 695 303 762 illi
324 695 488 762 civitatem
509 695 658 778 parabat.

338 797 514 863 Praeterea
536 798 631 877 putet
651 815 682 863 v.
704 795 734 862 d.
756 793 854 861 Esius
884 794 1036 879 injustum
1061 813 1131 861 esse
1162 795 1279 878 civem,
1306 794 1360 876 qui

255 896 454 981 peregrinam
476 895 612 981 duxerit,
633 894 773 978 multari,
795 894 909 978 civem,
930 915 1012 977 quae
1025 895 1192 978 peregrino
1205 896 1359 979 nupserit,

255 990 317 1064 non
350 996 464 1080 puniri.
517 996 568 1063 At
598 996 678 1065 haec
706 995 768 1063 viri
801 996 976 1063 doctissimi
1008 996 1168 1063 sententia
1195 998 1272 1065 mihi
1297 1017 1360 1065 nou

255 1099 383 1181 penitus
404 1117 483 1166 vera
503 1098 632 1164 videtur
652 1115 739 1176 esse3
760 1116 836 1164 uam
856 1097 934 1163 mihi
947 1099 1139 1181 persuadere
1158 1117 1222 1164 non
1233 1118 1359 1181 possum

255 1198 356 1285 civem
388 1198 537 1281 atticam,
572 1216 654 1278 quae
685 1196 811 1278 quidem
842 1197 963 1264 nullam
994 1199 1136 1264 habebat
1168 1204 1360 1289 potestatem
1438 1261 1441 1266 .

255 1298 398 1383 conjugis
430 1296 612 1380 quaerendi,
644 1297 701 1362 sed
728 1297 826 1379 plene
856 1298 1016 1380 pendebat
1047 1301 1091 1365 ab
1122 1318 1175 1383 eo,
1208 1298 1361 1380 quierat

255 1400 373 1482 κύριος,
396 1416 538 1479 quaeque
565 1397 660 1479 plane
680 1397 789 1464 insons
811 1404 899 1480 erat,
920 1400 1063 1481 punitam
1086 1418 1163 1466 esse.
1206 1401 1361 1467 Fortasse

255 1505 361 1564 autem
394 1497 512 1564 obicias
539 1496 712 1567 verisimile
740 1516 811 1564 esse
839 1516 972 1580 poenam
1001 1499 1140 1580 aliquam
1168 1500 1360 1582 1111616166,

256 1598 310 1679 qui
331 1602 443 1664 contra
463 1599 551 1680 leges
577 1588 647 1669 eam
669 1598 927 1681 despondissent,
956 1603 1112 1665 statutam
1134 1619 1213 1667 esse.
1256 1599 1359 1685 Quam

255 1698 448 1765 sententiam
462 1717 570 1765 veram
594 1717 662 1765 esse
683 1700 779 1781 plane
799 1700 945 1782 concedo,
967 1705 1004 1765 at
1024 1719 1087 1767 non
1110 1706 1180 1771 erat
1201 1720 1279 1783 opus
1294 1702 1361 1767 tale

255 1804 459 1882 praeceptum
480 1799 628 1865 hocloco
649 1799 774 1866 laudari
794 1818 898 1880 neque
919 1801 992 1867 huic
1012 1801 1077 1886 legi
1098 1802 1257 1886 adjectum
1280 1821 1360 1885 esse,

255 1899 312 1966 sed
331 1898 365 1964 in
386 1899 516 1982 propria
535 1899 607 1982 lege
628 1899 781 1983 scriptum
803 1905 885 1981 erat,
906 1907 1004 1983 atque
1023 1902 1057 1967 in
1079 1921 1118 1968 ea
1132 1901 1257 1983 quidem
1279 1904 1359 1986 lege,

255 1999 345 2083 cujus
366 1999 407 2065 de
428 1999 533 2066 altera
553 2003 647 2082 parte
668 2018 752 2066 nunc
773 1999 974 2069 disseremus.

337 2283 492 2367 Legimus
515 2284 597 2350 enim
617 2283 651 2350 in
673 2284 826 2352 orationis
848 2283 868 2371 ξ
890 2292 930 2352 69
951 2288 1036 2354 hauc
1055 2286 1238 2354 formulam:

379 2399 444 2465 >Εαν
476 2400 512 2464 δέ
537 2424 581 2477 τις
610 2392 721 2487 ἐκθιθῷ
752 2402 839 2490 ξένην
870 2409 993 2485 γυναῖκα
1025 2405 1112 2489 ἀνδρὶ
1141 2403 1285 2492 Ἀθηναίῳ
1318 2406 1363 2482 ὡς

380 2502 484 2587 έαντῷ
512 2502 734 2587 προσήκουσαν,
768 2502 875 2588 ἅτερος
905 2503 998 2580 ἔστω,
1027 2505 1116 2592 καὶὴ
1148 2504 1234 2568 οὐσία
1265 2506 1359 2570 αὐτοῦ

380 2600 508 2689 δημοσία
551 2600 644 2679 ἔστω,
686 2604 735 2667 καὶ
778 2606 831 2667 τοῦ
874 2604 997 2674 ἑλόντος
1038 2606 1072 2668 τὺ
1117 2603 1214 2689 τρίτον
1253 2605 1358 2690 μέρος.

379 2701 564 2787 γραφέσθων
578 2702 613 2766 δὲ
629 2706 708 2789 πρὸς
727 2702 799 2780 τοὺς
819 2702 1016 2789 θεσμοθέτας,
1038 2703 1085 2774 οἷς
1098 2703 1202 2779 ἔξεστι,
1219 2705 1360 2788 καθάπερ

381 2805 435 2888 τῆς
455 2801 558 2875 ξενίας.

338 2931 446 3014 Hujus
478 2933 635 3001 formulae
669 2940 892 3020 argumentum
924 2940 1020 3021 plane
1055 2939 1225 3023 respondet
1251 2939 1359 3006 uerbis

256 3030 402 3112 oratoris,
417 3029 471 3111 qui
483 3031 613 3098 recitari
623 3033 716 3116 jubet
738 3036 839 3120 νόμον,
854 3035 923 3100 καθ’
946 3038 981 3100 ὃν
1002 3038 1155 3123 έγράῲατο
1176 3041 1194 3101 ὁ
1211 3039 1360 3123 Φράστωρ

257 3128 418 3216 Στέφανον
439 3132 519 3214 πρὸς
538 3129 610 3208 τοὺς
622 3132 819 3216 θεσμοθέτας,
833 3133 986 3222 Ἀθηναῖον
1007 3136 1080 3201 ὄντα
1102 3138 1189 3224 ξένης
1209 3137 1360 3222 θυγατέρα

256 3231 345 3315 αὐτῷ
368 3229 504 3319 ἐγγυῆσαι
531 3230 576 3299 ὡς
600 3232 686 3317 αὐτῷ
712 3234 933 3322 προσῆκοοσαν.
977 3234 1070 3320 Quod
1094 3241 1202 3302 autem
1227 3236 1269 3303 ad
1296 3255 1359 3303 ser·

255 3349 379 3397 monem
399 3329 480 3413 legis
501 3330 628 3415 attinet,
649 3351 680 3399 v.
693 3332 852 3400 dEsius'
874 3336 1091 3403 offendebatur
1100 3357 1179 3405 voce
1201 3361 1245 3408 τις
1263 3343 1360 3419 atque

254 3431 391 3513 putabat
422 3429 605 3516 falsarium,
638 3451 709 3499 oum
741 3434 894 3501 orationis
918 3438 1017 3504 verba
1047 3437 1081 3504 iu
1112 3438 1193 3521 legis
1224 3438 1359 3505 formam

255 3531 428 3614 redigeret,
447 3531 555 3614 inepte
575 3535 674 3601 verba
695 3532 849 3623 Ἀθηναῖος
867 3535 911 3600 ὤν
931 3537 1119 3620 neglexisse.
1162 3538 1213 3605 At
1236 3559 1274 3605 ex
1299 3541 1360 3606 hac

254 3648 333 3697 voce
353 3630 538 3698 concludere
568 3633 728 3701 nonlicet
749 3635 955 3719 suppositam,
984 3638 1041 3703 sed
1066 3638 1099 3704 id
1127 3644 1273 3722 tantum,
1295 3661 1358 3707 nou

254 3729 414 3812 integram
436 3749 506 3797 esse
526 3732 704 3801 formulam.
757 3735 843 3801 Puto
872 3735 956 3802 enim
984 3738 1067 3803 hanc
1092 3738 1261 3806 formulam
1289 3759 1360 3807 esse

254 3831 459 3911 posteriorem
480 3838 604 3915 partem
626 3834 717 3921 legis,
738 3836 846 3919 priore
866 3842 973 3903 autem
994 3844 1096 3921 purte,
1118 3858 1201 3920 quae
1221 3840 1359 3908 fortasse

254 3929 428 4013 incipiebat
448 3952 469 3999 a
486 3933 593 4000 verbis
614 3932 679 3998 Ἐὰν
697 3935 756 4019 ρὲν
777 3933 937 4024 Ἀθηναίων
960 3961 1003 4014 τις
1022 3938 1133 4024 ἐκθιθῷ
1152 3941 1246 4030 ἀστὴν
1268 3941 1355 4026 ξένῳ,

338 4134 347 4162 ¹
366 4130 399 4185 cf.
417 4130 435 4185 l.
453 4132 472 4185 1.
489 4147 515 4199 p.
531 4133 574 4186 23.

1154 4206 1185 4259 3*
