3234 4834
805 253 848 316 44

276 471 411 534 prorsus
448 458 605 519 accurata
634 450 833 536 significatio
859 450 895 516 iu
925 451 1115 533 quotidiano
1144 469 1293 517 sermone
1323 468 1387 517 om·

276 552 364 618 nium
386 558 569 635 temporum
600 558 780 634 usurpatur
809 569 928 635 neque,
956 556 995 616 ut
1019 550 1187 618 sententia
1211 552 1385 617 verborum

275 650 501 737 intellegatur,
535 672 615 735 opus
649 659 701 719 est
731 651 844 719 verbis
877 650 1020 718 oratoris
1051 657 1182 715 συνεῖναι
1216 650 1384 736 δ’ἑκατέρῳ

276 753 395 839 ἡμέραν
418 752 488 839 παρ’
512 754 638 841 ἡμέραν.

360 869 442 936 Tum
465 869 586 954 obJecit
600 870 653 935 vir
675 868 883 935 doctissimus
897 867 1076 935 verisimile
1098 887 1171 935 esse
1193 872 1307 951 testes,
1329 869 1385 950 qui

275 966 341 1050 ipsi
371 988 498 1052 quoque
531 969 652 1036 arbitri
681 974 809 1042 essent.
838 969 934 1036 simul
964 967 1126 1051 pactionis
1155 975 1384 1053 argumentum

277 1073 421 1137 testatos
453 1089 527 1138 esse
558 1090 663 1154 neque
694 1069 795 1136 ollam
823 1071 947 1154 justam
980 1087 1112 1134 eausam
1145 1075 1294 1161 exstare,
1327 1088 1384 1135 our

276 1169 498 1237 testimonium
524 1175 559 1238 et
585 1170 695 1254 pactio
723 1169 910 1252 separanda
936 1172 1056 1236 essent.
1113 1169 1177 1235 Sed
1204 1171 1286 1235 haec
1314 1189 1384 1235 sen-

275 1270 383 1336 tentia
404 1289 467 1337 non
492 1276 622 1337 tantum
636 1269 889 1337 verisimilitatis
911 1271 1022 1352 babet,
1044 1274 1082 1336 ut
1096 1271 1181 1335 hanc
1195 1272 1235 1337 ob
1252 1288 1383 1337 causam

274 1371 430 1437 formulas
465 1371 658 1439 subdititiae
686 1370 923 1452 existimemus3
950 1389 1026 1435 nam
1051 1388 1246 1452 quamquam
1274 1388 1384 1436 conoe·

276 1472 416 1538 dendum
441 1480 493 1539 est
523 1472 670 1555 potuisse
699 1491 825 1554 quoque
856 1474 959 1537 testes
989 1469 1107 1537 testari
1135 1471 1321 1552 pactionem
1350 1476 1384 1537 et

275 1573 398 1640 saetam
420 1592 492 1639 esse
514 1580 548 1639 et
569 1574 644 1639 illas
667 1572 868 1647 sententias,
892 1591 973 1653 quas
995 1575 1108 1636 orator
1135 1589 1236 1653 supra
1258 1591 1384 1638 enume-

275 1679 421 1754 raverat,
444 1674 658 1759 continuisse,
688 1678 800 1740 tamen
827 1675 922 1759 hujus
952 1670 1189 1757 conjunctionis
1216 1673 1307 1739 nulla
1332 1678 1384 1738 est

275 1772 465 1856 necessitas,
488 1774 546 1840 sed
567 1774 727 1841 formulae
748 1774 821 1840 ideo
842 1773 987 1839 fortasse
1002 1773 1044 1836 ab
1059 1776 1192 1838 oratore
1207 1777 1384 1853 separatae

276 1877 367 1954 sunt,
398 1892 460 1955 quo
484 1874 591 1956 magis
616 1873 741 1957 jndices
767 1880 937 1940 moverent
990 1872 1141 1949 Fuerunt
1170 1877 1297 1955 autem,
1328 1873 1383 1954 qui

277 1974 512 2041 contenderent
534 1974 662 2041 omnino
684 1994 749 2040 non
771 1974 919 2056 potuisse
946 1973 1101 2039 formulas
1129 1973 1298 2058 conjungi,
1325 1973 1382 2040 sed

275 2093 411 2140 necesse
432 2077 535 2141 fuisse
555 2081 730 2157 separatas
753 2075 883 2157 afferre,
907 2093 977 2139 oum
999 2073 1119 2156 pactio,
1141 2073 1278 2139 simulac
1292 2073 1383 2140 facta

277 2182 379 2255 esset,
406 2177 448 2240 ab
477 2176 615 2242 arbitris
640 2175 764 2241 litteris
789 2176 948 2240 mandata
974 2183 1072 2240 esset.
1128 2175 1175 2240 At
1203 2174 1285 2240 haec
1312 2192 1382 2240 sen-

276 2274 384 2342 tentia
405 2294 469 2341 non
491 2295 627 2357 prorsus
648 2294 730 2342 vera
757 2274 837 2341 mibi
858 2274 990 2350 videtur
1017 2293 1107 2353 esse,
1130 2292 1201 2340 oum
1226 2294 1292 2340 non
1318 2272 1383 2340 nisi

276 2376 327 2442 his
350 2376 499 2442 formulis
532 2376 718 2443 confirmari
751 2375 871 2457 possit3
905 2374 962 2440 sed
994 2375 1139 2440 fortasse
1172 2375 1382 2441 statuendum

276 2476 321 2542 sit
342 2477 515 2542 formulam
537 2481 653 2558 postea
675 2478 812 2559 demum,
836 2495 907 2542 oum
929 2474 1034 2540 resin
1053 2460 1381 2557 'jndioiumvenisset

276 2578 318 2642 ab
342 2581 474 2642 oratore
497 2576 784 2659 comprobantibus
801 2581 834 2642 et
850 2574 1050 2641 testantibus
1073 2574 1209 2640 arbitris
1224 2574 1381 2657 scriptam

276 2694 355 2741 esse.
400 2675 472 2759 Qua
493 2676 660 2744 sententia
682 2679 824 2759 probata
844 2675 960 2742 ultima
982 2666 1225 2741 Westermanni
1247 2674 1381 2741 offensio

277 2775 375 2840 facile
397 2776 470 2843 tolli
492 2781 621 2858 potest;
644 2776 780 2843 offendit
802 2777 888 2842 enim
909 2777 1016 2842 virum
1038 2775 1273 2856 doctissimum,
1296 2774 1382 2856 quod

276 2874 309 2939 in
337 2875 500 2956 pactionis
528 2876 668 2942 formula
693 2897 757 2943 non
788 2896 841 2951 ea,
871 2894 955 2958 qnae
984 2879 1097 2940 orator
1126 2893 1227 2955 snpra
1254 2892 1382 2940 enume-

276 2975 375 3056 ravit,
396 2975 504 3042 omnia
526 2976 744 3044 eontinentur.
788 2978 836 3042 At
848 2995 954 3042 nonne
970 2980 1092 3057 orator,
1117 2993 1188 3040 oum
1210 2975 1382 3042 formulam

276 3076 465 3158 composuit,
488 3094 527 3141 ea
548 3077 653 3159 modo,
676 3097 759 3160 quae
781 3076 897 3144 summi
918 3074 1073 3141 momenti
1087 3093 1159 3141 esse
1173 3074 1382 3155 videbantur,

277 3177 410 3260 eligere,
433 3176 499 3242 3113
521 3177 626 3243 minus
649 3177 769 3260 gravia
791 3178 944 3244 omittere
965 3174 1095 3258 potuit?

360 3294 501 3360 Tradita
522 3294 626 3378 igitur
649 3294 811 3375 pactionis
833 3294 974 3360 formula
1005 3311 1069 3357 non
1092 3291 1225 3374 integra
1253 3288 1381 3371 quidem

278 3402 338 3475 est,
362 3395 418 3459 sed
439 3396 511 3459 fieri
534 3394 662 3475 potuit,
692 3397 729 3458 ut
756 3394 839 3458 baec
865 3395 939 3476 ipsa
965 3391 1143 3476 injudicio
1171 3392 1379 3457 recitaretur.

276 3495 312 3559 ln
334 3492 519 3558 testimonio
541 3502 653 3558 autem
676 3512 716 3559 ne
732 3493 1004 3558 Westermannus
1020 3491 1150 3572 quidem
1164 3490 1282 3555 babuit
1296 3488 1381 3571 quod

275 3593 492 3675 vituperaret.
1354 3589 1358 3596 '

360 3874 525 3957 Quomodo
558 3879 667 3941 autem
693 3874 833 3955 Neaera,
866 3893 937 3939 cum
968 3872 1003 3938 in
1029 3872 1191 3956 Stephani
1217 3879 1252 3941 et
1276 3874 1381 3955 Phry-

277 3976 384 4143 afflig
409 3993 522 4160 §mgrgu
560 3980 662 4057 esset,
698 3974 834 4057 vixerit,
872 3974 966 4041 nobis
1008 3973 1255 4041 demonstratur
1290 3973 1382 4040 testi-
