<?xml version="1.0" encoding="UTF-8"?>
<!DOCTYPE html PUBLIC "-//W3C//DTD XHTML 1.0 Transitional//EN"
    "http://www.w3.org/TR/xhtml1/DTD/xhtml1-transitional.dtd">
<html xmlns="http://www.w3.org/1999/xhtml" xml:lang="en" lang="en">
 <head>
  <title>
</title>
<meta http-equiv="Content-Type" content="text/html;charset=utf-8" />
  <meta name='ocr-system' content='tesseract 3.04.00' />
  <meta name='ocr-capabilities' content='ocr_page ocr_carea ocr_par ocr_line ocrx_word'/>
</head>
<body>
  <div class='ocr_page' id='page_1' title='image "./delitisinstrume01staegoog_0027.png"; bbox 0 0 3234 4834; ppageno 0'>
   <div class='ocr_carea' id='block_1_1' title="bbox 783 204 822 263">
    <p class='ocr_par' dir='ltr' id='par_1_1' title="bbox 783 204 822 263">
     <span class='ocr_line' id='line_1_1' title="bbox 783 204 822 263; baseline 0.026 -1"><span class='ocrx_word' id='word_1_1' title='bbox 783 204 822 263; x_wconf 79' lang='lat'>23</span> 
     </span>
    </p>
   </div>
   <div class='ocr_carea' id='block_1_2' title="bbox 253 397 1428 3588">
    <p class='ocr_par' dir='ltr' id='par_1_2' title="bbox 254 397 1362 1167">
     <span class='ocr_line' id='line_1_2' title="bbox 256 397 1361 482; baseline -0.003 -17"><span class='ocrx_word' id='word_1_2' title='bbox 256 399 324 482; x_wconf 88' lang='lat' dir='ltr'>„Ut</span> <span class='ocrx_word' id='word_1_3' title='bbox 345 400 452 465; x_wconf 85' lang='lat' dir='ltr'>nullus</span> <span class='ocrx_word' id='word_1_4' title='bbox 475 401 589 465; x_wconf 86' lang='lat' dir='ltr'>horum</span> <span class='ocrx_word' id='word_1_5' title='bbox 611 400 755 465; x_wconf 88' lang='lat' dir='ltr'>virorum</span> <span class='ocrx_word' id='word_1_6' title='bbox 778 398 906 464; x_wconf 90' lang='lat' dir='ltr'>mulieri</span> <span class='ocrx_word' id='word_1_7' title='bbox 928 397 1025 480; x_wconf 89' lang='lat' dir='ltr'>adsit,</span> <span class='ocrx_word' id='word_1_8' title='bbox 1048 397 1082 462; x_wconf 92' lang='lat' dir='ltr'>id</span> <span class='ocrx_word' id='word_1_9' title='bbox 1104 398 1230 464; x_wconf 86' lang='lat' dir='ltr'>duabus</span> <span class='ocrx_word' id='word_1_10' title='bbox 1253 397 1361 463; x_wconf 86' lang='lat' dir='ltr'>causis</span> 
     </span>
     <span class='ocr_line' id='line_1_3' title="bbox 255 498 1362 581; baseline -0.001 -17"><span class='ocrx_word' id='word_1_11' title='bbox 255 499 342 564; x_wconf 76' lang='lat' dir='ltr'>affici</span> <span class='ocrx_word' id='word_1_12' title='bbox 363 504 491 581; x_wconf 86' lang='lat' dir='ltr'>petest;</span> <span class='ocrx_word' id='word_1_13' title='bbox 506 499 542 565; x_wconf 83' lang='lat' dir='ltr'>si</span> <span class='ocrx_word' id='word_1_14' title='bbox 564 499 613 565; x_wconf 91' lang='lat' dir='ltr'>illi</span> <span class='ocrx_word' id='word_1_15' title='bbox 635 499 763 564; x_wconf 90' lang='lat' dir='ltr'>omnino</span> <span class='ocrx_word' id='word_1_16' title='bbox 785 498 905 564; x_wconf 89' lang='lat' dir='ltr'>mortui</span> <span class='ocrx_word' id='word_1_17' title='bbox 926 499 1006 580; x_wconf 89' lang='lat' dir='ltr'>sint,</span> <span class='ocrx_word' id='word_1_18' title='bbox 1035 498 1085 562; x_wconf 89' lang='lat' dir='ltr'>ita</span> <span class='ocrx_word' id='word_1_19' title='bbox 1110 503 1148 563; x_wconf 91' lang='lat' dir='ltr'>ut</span> <span class='ocrx_word' id='word_1_20' title='bbox 1175 499 1290 564; x_wconf 87' lang='lat' dir='ltr'>mulier</span> <span class='ocrx_word' id='word_1_21' title='bbox 1316 498 1362 565; x_wconf 93' lang='lat' dir='ltr'>sit</span> 
     </span>
     <span class='ocr_line' id='line_1_4' title="bbox 255 598 1361 688; baseline 0.003 -26"><span class='ocrx_word' id='word_1_22' title='bbox 255 599 424 688; x_wconf 67' lang='grc' dir='ltr'><em>ἐπίκληρος,</em></span> <span class='ocrx_word' id='word_1_23' title='bbox 455 607 524 666; x_wconf 91' lang='lat' dir='ltr'>tum</span> <span class='ocrx_word' id='word_1_24' title='bbox 547 605 617 665; x_wconf 88' lang='lat' dir='ltr'>esto</span> <span class='ocrx_word' id='word_1_25' title='bbox 639 599 673 664; x_wconf 93' lang='lat' dir='ltr'>in</span> <span class='ocrx_word' id='word_1_26' title='bbox 695 598 802 665; x_wconf 89' lang='lat' dir='ltr'>tutela</span> <span class='ocrx_word' id='word_1_27' title='bbox 825 599 970 680; x_wconf 72' lang='lat' dir='ltr'>tutoris¹</span> <span class='ocrx_word' id='word_1_28' title='bbox 999 598 1054 679; x_wconf 91' lang='lat' dir='ltr'>qui</span> <span class='ocrx_word' id='word_1_29' title='bbox 1083 603 1141 662; x_wconf 92' lang='lat' dir='ltr'>ant</span> <span class='ocrx_word' id='word_1_30' title='bbox 1162 603 1361 665; x_wconf 85' lang='lat' dir='ltr'>testamento</span> 
     </span>
     <span class='ocr_line' id='line_1_5' title="bbox 255 699 1361 779; baseline 0 -14"><span class='ocrx_word' id='word_1_31' title='bbox 255 701 375 765; x_wconf 89' lang='lat' dir='ltr'>mortni</span> <span class='ocrx_word' id='word_1_32' title='bbox 398 700 596 767; x_wconf 85' lang='lat' dir='ltr'>constitutus</span> <span class='ocrx_word' id='word_1_33' title='bbox 618 707 677 765; x_wconf 89' lang='lat' dir='ltr'>aut</span> <span class='ocrx_word' id='word_1_34' title='bbox 699 701 740 765; x_wconf 92' lang='lat' dir='ltr'>ab</span> <span class='ocrx_word' id='word_1_35' title='bbox 764 700 921 765; x_wconf 79' lang='lat' dir='ltr'>archonte</span> <span class='ocrx_word' id='word_1_36' title='bbox 944 699 1194 766; x_wconf 89' lang='lat' dir='ltr'>constituendus</span> <span class='ocrx_word' id='word_1_37' title='bbox 1216 705 1281 779; x_wconf 83' lang='lat' dir='ltr'>est3</span> <span class='ocrx_word' id='word_1_38' title='bbox 1310 699 1361 765; x_wconf 88' lang='lat' dir='ltr'>sin</span> 
     </span>
     <span class='ocr_line' id='line_1_6' title="bbox 256 799 1361 882; baseline 0.002 -18"><span class='ocrx_word' id='word_1_39' title='bbox 256 805 365 865; x_wconf 85' lang='lat' dir='ltr'>autem</span> <span class='ocrx_word' id='word_1_40' title='bbox 387 819 470 866; x_wconf 85' lang='lat' dir='ltr'>unus</span> <span class='ocrx_word' id='word_1_41' title='bbox 493 821 533 866; x_wconf 84' lang='lat' dir='ltr'>ex</span> <span class='ocrx_word' id='word_1_42' title='bbox 555 800 619 866; x_wconf 88' lang='lat' dir='ltr'>illis</span> <span class='ocrx_word' id='word_1_43' title='bbox 641 801 748 866; x_wconf 89' lang='lat' dir='ltr'>adhuc</span> <span class='ocrx_word' id='word_1_44' title='bbox 770 806 938 881; x_wconf 90' lang='lat' dir='ltr'>superstes</span> <span class='ocrx_word' id='word_1_45' title='bbox 961 800 1015 882; x_wconf 85' lang='lat' dir='ltr'>sit,</span> <span class='ocrx_word' id='word_1_46' title='bbox 1036 801 1086 865; x_wconf 90' lang='lat' dir='ltr'>ita</span> <span class='ocrx_word' id='word_1_47' title='bbox 1108 808 1145 866; x_wconf 89' lang='lat' dir='ltr'>ut</span> <span class='ocrx_word' id='word_1_48' title='bbox 1168 799 1284 865; x_wconf 89' lang='lat' dir='ltr'>mulier</span> <span class='ocrx_word' id='word_1_49' title='bbox 1297 819 1361 866; x_wconf 90' lang='lat' dir='ltr'>non</span> 
     </span>
     <span class='ocr_line' id='line_1_7' title="bbox 255 899 1361 982; baseline 0.001 -18"><span class='ocrx_word' id='word_1_50' title='bbox 255 899 300 964; x_wconf 89' lang='lat' dir='ltr'>sit</span> <span class='ocrx_word' id='word_1_51' title='bbox 323 902 412 981; x_wconf 87' lang='lat' dir='ltr'>orba,</span> <span class='ocrx_word' id='word_1_52' title='bbox 435 903 492 967; x_wconf 89' lang='lat' dir='ltr'>sed</span> <span class='ocrx_word' id='word_1_53' title='bbox 515 902 661 982; x_wconf 90' lang='lat' dir='ltr'>qualibet</span> <span class='ocrx_word' id='word_1_54' title='bbox 684 919 784 966; x_wconf 88' lang='lat' dir='ltr'>cansa</span> <span class='ocrx_word' id='word_1_55' title='bbox 806 900 927 966; x_wconf 89' lang='lat' dir='ltr'>tutoris</span> <span class='ocrx_word' id='word_1_56' title='bbox 960 919 1094 965; x_wconf 89' lang='lat' dir='ltr'>munere</span> <span class='ocrx_word' id='word_1_57' title='bbox 1126 900 1221 980; x_wconf 74' lang='lat' dir='ltr'>iungi</span> <span class='ocrx_word' id='word_1_58' title='bbox 1253 900 1361 980; x_wconf 86' lang='lat' dir='ltr'>prohi-</span> 
     </span>
     <span class='ocr_line' id='line_1_8' title="bbox 255 1000 1362 1087; baseline 0.003 -24"><span class='ocrx_word' id='word_1_59' title='bbox 255 1000 383 1083; x_wconf 83' lang='lat' dir='ltr'><strong>beatur,</strong></span> <span class='ocrx_word' id='word_1_60' title='bbox 406 1005 475 1066; x_wconf 93' lang='lat' dir='ltr'>tnm</span> <span class='ocrx_word' id='word_1_61' title='bbox 498 1000 675 1087; x_wconf 83' lang='lat' dir='ltr'>quemlibet</span> <span class='ocrx_word' id='word_1_62' title='bbox 689 1001 794 1067; x_wconf 88' lang='lat' dir='ltr'>virum</span> <span class='ocrx_word' id='word_1_63' title='bbox 818 1000 873 1066; x_wconf 90' lang='lat' dir='ltr'>ille</span> <span class='ocrx_word' id='word_1_64' title='bbox 889 1000 1077 1082; x_wconf 75' lang='lat' dir='ltr'>constituet,</span> <span class='ocrx_word' id='word_1_65' title='bbox 1102 1002 1193 1085; x_wconf 89' lang='lat' dir='ltr'>cujus</span> <span class='ocrx_word' id='word_1_66' title='bbox 1206 1000 1241 1065; x_wconf 90' lang='lat' dir='ltr'>in</span> <span class='ocrx_word' id='word_1_67' title='bbox 1256 1001 1362 1067; x_wconf 87' lang='lat' dir='ltr'>tutela</span> 
     </span>
     <span class='ocr_line' id='line_1_9' title="bbox 254 1098 468 1167; baseline 0.005 -4"><span class='ocrx_word' id='word_1_68' title='bbox 254 1098 370 1165; x_wconf 92' lang='lat' dir='ltr'>mulier</span> <span class='ocrx_word' id='word_1_69' title='bbox 392 1099 468 1167; x_wconf 85' lang='lat' dir='ltr'>sit.“</span> 
     </span>
    </p>

    <p class='ocr_par' dir='ltr' id='par_1_3' title="bbox 254 1198 1361 1681">
     <span class='ocr_line' id='line_1_10' title="bbox 338 1198 1361 1284; baseline 0.001 -20"><span class='ocrx_word' id='word_1_70' title='bbox 338 1202 384 1266; x_wconf 85' lang='lat' dir='ltr'>At</span> <span class='ocrx_word' id='word_1_71' title='bbox 406 1201 534 1281; x_wconf 85' lang='lat' dir='ltr'>qualem</span> <span class='ocrx_word' id='word_1_72' title='bbox 555 1199 640 1284; x_wconf 84' lang='lat' dir='ltr'>legis</span> <span class='ocrx_word' id='word_1_73' title='bbox 663 1198 914 1280; x_wconf 78' lang='lat' dir='ltr'>obscuritatem,</span> <span class='ocrx_word' id='word_1_74' title='bbox 944 1198 1054 1263; x_wconf 90' lang='lat' dir='ltr'>audio!</span> <span class='ocrx_word' id='word_1_75' title='bbox 1106 1199 1192 1264; x_wconf 87' lang='lat' dir='ltr'>Sane</span> <span class='ocrx_word' id='word_1_76' title='bbox 1220 1201 1361 1265; x_wconf 87' lang='lat' dir='ltr'>concedo</span> 
     </span>
     <span class='ocr_line' id='line_1_11' title="bbox 254 1298 1361 1383; baseline 0.004 -21"><span class='ocrx_word' id='word_1_77' title='bbox 254 1298 360 1381; x_wconf 86' lang='lat' dir='ltr'>legem</span> <span class='ocrx_word' id='word_1_78' title='bbox 394 1319 458 1365; x_wconf 87' lang='lat' dir='ltr'>non</span> <span class='ocrx_word' id='word_1_79' title='bbox 487 1299 536 1366; x_wconf 92' lang='lat' dir='ltr'>ita</span> <span class='ocrx_word' id='word_1_80' title='bbox 563 1299 736 1365; x_wconf 89' lang='lat' dir='ltr'>dilucidam</span> <span class='ocrx_word' id='word_1_81' title='bbox 770 1318 857 1380; x_wconf 81' lang='lat' dir='ltr'>esse3</span> <span class='ocrx_word' id='word_1_82' title='bbox 893 1300 951 1364; x_wconf 86' lang='lat' dir='ltr'>sed</span> <span class='ocrx_word' id='word_1_83' title='bbox 983 1317 1059 1363; x_wconf 90' lang='lat' dir='ltr'>unm</span> <span class='ocrx_word' id='word_1_84' title='bbox 1090 1299 1276 1383; x_wconf 79' lang='lat' dir='ltr'>legislator,</span> <span class='ocrx_word' id='word_1_85' title='bbox 1310 1302 1361 1366; x_wconf 79' lang='lat' dir='ltr'>rui</span> 
     </span>
     <span class='ocr_line' id='line_1_12' title="bbox 255 1398 1360 1482; baseline 0.004 -19"><span class='ocrx_word' id='word_1_86' title='bbox 255 1398 393 1466; x_wconf 83' lang='lat' dir='ltr'>maxime</span> <span class='ocrx_word' id='word_1_87' title='bbox 416 1420 496 1482; x_wconf 89' lang='lat' dir='ltr'>opus</span> <span class='ocrx_word' id='word_1_88' title='bbox 520 1406 572 1467; x_wconf 89' lang='lat' dir='ltr'>est</span> <span class='ocrx_word' id='word_1_89' title='bbox 594 1399 707 1482; x_wconf 84' lang='lat' dir='ltr'>paucis</span> <span class='ocrx_word' id='word_1_90' title='bbox 723 1399 835 1464; x_wconf 87' lang='lat' dir='ltr'>verbis</span> <span class='ocrx_word' id='word_1_91' title='bbox 858 1418 954 1481; x_wconf 89' lang='lat' dir='ltr'>quam</span> <span class='ocrx_word' id='word_1_92' title='bbox 976 1399 1133 1481; x_wconf 90' lang='lat' dir='ltr'>plurimas</span> <span class='ocrx_word' id='word_1_93' title='bbox 1157 1400 1360 1468; x_wconf 89' lang='lat' dir='ltr'>condiciones</span> 
     </span>
     <span class='ocr_line' id='line_1_13' title="bbox 255 1498 1361 1583; baseline 0.005 -20"><span class='ocrx_word' id='word_1_94' title='bbox 255 1498 442 1582; x_wconf 84' lang='lat' dir='ltr'>significare</span> <span class='ocrx_word' id='word_1_95' title='bbox 465 1509 565 1583; x_wconf 91' lang='lat' dir='ltr'>atque</span> <span class='ocrx_word' id='word_1_96' title='bbox 594 1500 783 1582; x_wconf 83' lang='lat' dir='ltr'>complecti,</span> <span class='ocrx_word' id='word_1_97' title='bbox 812 1499 922 1582; x_wconf 87' lang='lat' dir='ltr'>aptius</span> <span class='ocrx_word' id='word_1_98' title='bbox 949 1499 1030 1565; x_wconf 85' lang='lat' dir='ltr'>haec</span> <span class='ocrx_word' id='word_1_99' title='bbox 1057 1506 1236 1582; x_wconf 89' lang='lat' dir='ltr'>praecepta</span> <span class='ocrx_word' id='word_1_100' title='bbox 1264 1520 1361 1568; x_wconf 90' lang='lat' dir='ltr'>enun-</span> 
     </span>
     <span class='ocr_line' id='line_1_14' title="bbox 255 1598 492 1681; baseline 0.017 -18"><span class='ocrx_word' id='word_1_101' title='bbox 255 1598 340 1664; x_wconf 90' lang='lat' dir='ltr'>tiare</span> <span class='ocrx_word' id='word_1_102' title='bbox 362 1601 492 1681; x_wconf 85' lang='lat' dir='ltr'>potnit?</span> 
     </span>
    </p>

    <p class='ocr_par' dir='ltr' id='par_1_4' title="bbox 253 1700 1428 3384">
     <span class='ocr_line' id='line_1_15' title="bbox 337 1700 1362 1783; baseline 0.002 -18"><span class='ocrx_word' id='word_1_103' title='bbox 337 1700 420 1765; x_wconf 90' lang='lat' dir='ltr'>Mihi</span> <span class='ocrx_word' id='word_1_104' title='bbox 440 1700 546 1782; x_wconf 83' lang='lat' dir='ltr'>igitur</span> <span class='ocrx_word' id='word_1_105' title='bbox 568 1709 736 1783; x_wconf 87' lang='lat' dir='ltr'>postrema</span> <span class='ocrx_word' id='word_1_106' title='bbox 766 1700 926 1765; x_wconf 81' lang='lat' dir='ltr'>formulae</span> <span class='ocrx_word' id='word_1_107' title='bbox 949 1701 1067 1781; x_wconf 87' lang='lat' dir='ltr'>verba,</span> <span class='ocrx_word' id='word_1_108' title='bbox 1095 1701 1206 1782; x_wconf 89' lang='lat' dir='ltr'>qualia</span> <span class='ocrx_word' id='word_1_109' title='bbox 1234 1701 1362 1767; x_wconf 86' lang='lat' dir='ltr'>tradita</span> 
     </span>
     <span class='ocr_line' id='line_1_16' title="bbox 255 1800 1362 1885; baseline 0.002 -20"><span class='ocrx_word' id='word_1_110' title='bbox 255 1803 348 1883; x_wconf 90' lang='lat' dir='ltr'>sunt,</span> <span class='ocrx_word' id='word_1_111' title='bbox 383 1800 536 1867; x_wconf 86' lang='lat' dir='ltr'>videntur</span> <span class='ocrx_word' id='word_1_112' title='bbox 570 1802 692 1883; x_wconf 90' lang='lat' dir='ltr'>optime</span> <span class='ocrx_word' id='word_1_113' title='bbox 723 1801 874 1884; x_wconf 85' lang='lat' dir='ltr'>intellegi</span> <span class='ocrx_word' id='word_1_114' title='bbox 911 1820 1006 1883; x_wconf 87' lang='lat' dir='ltr'>posse</span> <span class='ocrx_word' id='word_1_115' title='bbox 1037 1820 1142 1882; x_wconf 89' lang='lat' dir='ltr'>neque</span> <span class='ocrx_word' id='word_1_116' title='bbox 1174 1803 1362 1885; x_wconf 87' lang='lat' dir='ltr'>conjectura</span> 
     </span>
     <span class='ocr_line' id='line_1_17' title="bbox 255 1900 1428 1986; baseline 0.004 -22"><span class='ocrx_word' id='word_1_117' title='bbox 255 1920 335 1982; x_wconf 90' lang='lat' dir='ltr'>opus</span> <span class='ocrx_word' id='word_1_118' title='bbox 356 1921 437 1968; x_wconf 91' lang='lat' dir='ltr'>esse.</span> <span class='ocrx_word' id='word_1_119' title='bbox 481 1901 570 1984; x_wconf 78' lang='lat' dir='ltr'>Quas</span> <span class='ocrx_word' id='word_1_120' title='bbox 593 1908 702 1966; x_wconf 89' lang='lat' dir='ltr'>antem</span> <span class='ocrx_word' id='word_1_121' title='bbox 725 1901 935 1982; x_wconf 87' lang='lat' dir='ltr'>protulerunt</span> <span class='ocrx_word' id='word_1_122' title='bbox 949 1900 1013 1966; x_wconf 86' lang='lat' dir='ltr'>viri</span> <span class='ocrx_word' id='word_1_123' title='bbox 1036 1901 1124 1966; x_wconf 91' lang='lat' dir='ltr'>docti</span> <span class='ocrx_word' id='word_1_124' title='bbox 1146 1903 1360 1986; x_wconf 79' lang='lat' dir='ltr'>conjecturae,</span> <span class='ocrx_word' id='word_1_125' title='bbox 1424 1928 1428 1929; x_wconf 43' lang='lat'><em>⁷</em></span> 
     </span>
     <span class='ocr_line' id='line_1_18' title="bbox 253 2001 1361 2083; baseline 0.002 -17"><span class='ocrx_word' id='word_1_126' title='bbox 253 2001 294 2067; x_wconf 87' lang='lat' dir='ltr'>iis</span> <span class='ocrx_word' id='word_1_127' title='bbox 316 2001 530 2069; x_wconf 81' lang='lat' dir='ltr'>difficultates</span> <span class='ocrx_word' id='word_1_128' title='bbox 558 2001 667 2083; x_wconf 87' lang='lat' dir='ltr'>potins</span> <span class='ocrx_word' id='word_1_129' title='bbox 699 2006 817 2066; x_wconf 87' lang='lat' dir='ltr'>auctae</span> <span class='ocrx_word' id='word_1_130' title='bbox 844 2020 940 2081; x_wconf 91' lang='lat' dir='ltr'>quam</span> <span class='ocrx_word' id='word_1_131' title='bbox 969 2002 1119 2067; x_wconf 84' lang='lat' dir='ltr'>sublatae</span> <span class='ocrx_word' id='word_1_132' title='bbox 1148 2008 1234 2068; x_wconf 85' lang='lat' dir='ltr'>sunt.</span> <span class='ocrx_word' id='word_1_133' title='bbox 1278 2003 1361 2068; x_wconf 89' lang='lat' dir='ltr'>Nam</span> 
     </span>
     <span class='ocr_line' id='line_1_19' title="bbox 255 2099 1361 2185; baseline 0 -18"><span class='ocrx_word' id='word_1_134' title='bbox 255 2103 340 2183; x_wconf 89' lang='lat' dir='ltr'>quod</span> <span class='ocrx_word' id='word_1_135' title='bbox 356 2102 565 2168; x_wconf 78' lang='lat' dir='ltr'>Bunsenius²</span> <span class='ocrx_word' id='word_1_136' title='bbox 587 2101 725 2185; x_wconf 89' lang='lat' dir='ltr'>conjecit</span> <span class='ocrx_word' id='word_1_137' title='bbox 748 2102 789 2165; x_wconf 86' lang='lat' dir='ltr'>ab</span> <span class='ocrx_word' id='word_1_138' title='bbox 812 2099 905 2166; x_wconf 85' lang='lat' dir='ltr'>initia</span> <span class='ocrx_word' id='word_1_139' title='bbox 927 2100 961 2166; x_wconf 92' lang='lat' dir='ltr'>in</span> <span class='ocrx_word' id='word_1_140' title='bbox 983 2101 1057 2183; x_wconf 83' lang='lat' dir='ltr'>lege</span> <span class='ocrx_word' id='word_1_141' title='bbox 1078 2101 1237 2183; x_wconf 90' lang='lat' dir='ltr'>scriptum</span> <span class='ocrx_word' id='word_1_142' title='bbox 1258 2102 1361 2169; x_wconf 84' lang='lat' dir='ltr'>fuisse</span> 
     </span>
     <span class='ocr_line' id='line_1_20' title="bbox 255 2194 1360 2291; baseline 0.001 -25"><span class='ocrx_word' id='word_1_143' title='bbox 255 2204 307 2266; x_wconf 74' lang='grc' dir='ltr'>ἐὰν</span> <span class='ocrx_word' id='word_1_144' title='bbox 319 2204 377 2286; x_wconf 75' lang='grc' dir='ltr'>μὲν</span> <span class='ocrx_word' id='word_1_145' title='bbox 399 2202 554 2291; x_wconf 69' lang='grc' dir='ltr'><em>ἐπίκλητός</em></span> <span class='ocrx_word' id='word_1_146' title='bbox 575 2226 617 2278; x_wconf 79' lang='grc' dir='ltr'>τις</span> <span class='ocrx_word' id='word_1_147' title='bbox 637 2194 656 2289; x_wconf 83' lang='grc' dir='ltr'><strong><em>ἧ</em></strong></span> <span class='ocrx_word' id='word_1_148' title='bbox 678 2206 712 2266; x_wconf 92' lang='lat' dir='ltr'>et</span> <span class='ocrx_word' id='word_1_149' title='bbox 726 2201 809 2283; x_wconf 83' lang='lat' dir='ltr'>legis</span> <span class='ocrx_word' id='word_1_150' title='bbox 826 2201 1024 2267; x_wconf 90' lang='lat' dir='ltr'>senteutiam</span> <span class='ocrx_word' id='word_1_151' title='bbox 1040 2202 1124 2268; x_wconf 84' lang='lat' dir='ltr'>nanc</span> <span class='ocrx_word' id='word_1_152' title='bbox 1140 2221 1228 2267; x_wconf 89' lang='lat' dir='ltr'>esse:</span> <span class='ocrx_word' id='word_1_153' title='bbox 1252 2203 1360 2285; x_wconf 86' lang='lat' dir='ltr'>„nullo</span> 
     </span>
     <span class='ocr_line' id='line_1_21' title="bbox 255 2301 1361 2386; baseline 0.001 -18"><span class='ocrx_word' id='word_1_154' title='bbox 255 2322 333 2368; x_wconf 89' lang='lat' dir='ltr'>vero</span> <span class='ocrx_word' id='word_1_155' title='bbox 362 2304 476 2369; x_wconf 88' lang='lat' dir='ltr'>horum</span> <span class='ocrx_word' id='word_1_156' title='bbox 506 2302 651 2368; x_wconf 90' lang='lat' dir='ltr'>virorum</span> <span class='ocrx_word' id='word_1_157' title='bbox 680 2305 849 2383; x_wconf 86' lang='lat' dir='ltr'>exstante,</span> <span class='ocrx_word' id='word_1_158' title='bbox 878 2301 906 2366; x_wconf 87' lang='lat' dir='ltr'>si</span> <span class='ocrx_word' id='word_1_159' title='bbox 933 2301 1005 2382; x_wconf 87' lang='lat' dir='ltr'>quis</span> <span class='ocrx_word' id='word_1_160' title='bbox 1031 2302 1097 2367; x_wconf 90' lang='lat' dir='ltr'>erit</span> <span class='ocrx_word' id='word_1_161' title='bbox 1122 2303 1197 2386; x_wconf 86' lang='lat' dir='ltr'>lege</span> <span class='ocrx_word' id='word_1_162' title='bbox 1224 2307 1361 2370; x_wconf 78' lang='lat' dir='ltr'>vocatus</span> 
     </span>
     <span class='ocr_line' id='line_1_22' title="bbox 254 2401 1361 2487; baseline 0.001 -18"><span class='ocrx_word' id='word_1_163' title='bbox 254 2403 323 2469; x_wconf 84' lang='lat' dir='ltr'>sive</span> <span class='ocrx_word' id='word_1_164' title='bbox 346 2404 526 2485; x_wconf 84' lang='lat' dir='ltr'>proximus,</span> <span class='ocrx_word' id='word_1_165' title='bbox 549 2403 579 2468; x_wconf 92' lang='lat' dir='ltr'>ei</span> <span class='ocrx_word' id='word_1_166' title='bbox 608 2402 663 2484; x_wconf 92' lang='lat' dir='ltr'>qui</span> <span class='ocrx_word' id='word_1_167' title='bbox 692 2402 811 2466; x_wconf 88' lang='lat' dir='ltr'>ducere</span> <span class='ocrx_word' id='word_1_168' title='bbox 839 2401 928 2466; x_wconf 84' lang='lat' dir='ltr'>illam</span> <span class='ocrx_word' id='word_1_169' title='bbox 950 2402 1072 2483; x_wconf 85' lang='lat' dir='ltr'>possit,</span> <span class='ocrx_word' id='word_1_170' title='bbox 1101 2402 1152 2467; x_wconf 91' lang='lat' dir='ltr'>sin</span> <span class='ocrx_word' id='word_1_171' title='bbox 1170 2403 1286 2487; x_wconf 77' lang='lat' dir='ltr'>minue,</span> <span class='ocrx_word' id='word_1_172' title='bbox 1309 2406 1361 2470; x_wconf 92' lang='lat' dir='ltr'>cni</span> 
     </span>
     <span class='ocr_line' id='line_1_23' title="bbox 256 2501 1360 2588; baseline 0.002 -20"><span class='ocrx_word' id='word_1_173' title='bbox 256 2508 345 2569; x_wconf 88' lang='lat' dir='ltr'>tutor</span> <span class='ocrx_word' id='word_1_174' title='bbox 367 2505 438 2571; x_wconf 86' lang='lat' dir='ltr'>sive</span> <span class='ocrx_word' id='word_1_175' title='bbox 453 2511 553 2588; x_wconf 85' lang='lat' dir='ltr'>gente</span> <span class='ocrx_word' id='word_1_176' title='bbox 569 2506 731 2585; x_wconf 80' lang='lat' dir='ltr'>cognatus</span> <span class='ocrx_word' id='word_1_177' title='bbox 747 2501 935 2584; x_wconf 83' lang='lat' dir='ltr'>tradiderit,</span> <span class='ocrx_word' id='word_1_178' title='bbox 952 2502 1112 2567; x_wconf 89' lang='lat' dir='ltr'>collocare</span> <span class='ocrx_word' id='word_1_179' title='bbox 1126 2502 1216 2568; x_wconf 86' lang='lat' dir='ltr'>illam</span> <span class='ocrx_word' id='word_1_180' title='bbox 1231 2503 1360 2570; x_wconf 83' lang='lat' dir='ltr'>liceat“:</span> 
     </span>
     <span class='ocr_line' id='line_1_24' title="bbox 253 2601 1361 2689; baseline 0.002 -21"><span class='ocrx_word' id='word_1_181' title='bbox 253 2602 287 2668; x_wconf 91' lang='lat' dir='ltr'>id</span> <span class='ocrx_word' id='word_1_182' title='bbox 307 2603 489 2689; x_wconf 78' lang='lat' dir='ltr'>3Platnerus</span> <span class='ocrx_word' id='word_1_183' title='bbox 522 2605 556 2669; x_wconf 92' lang='lat' dir='ltr'>in</span> <span class='ocrx_word' id='word_1_184' title='bbox 589 2623 728 2669; x_wconf 87' lang='lat' dir='ltr'>censura</span> <span class='ocrx_word' id='word_1_185' title='bbox 761 2602 838 2667; x_wconf 85' lang='lat' dir='ltr'>libri</span> <span class='ocrx_word' id='word_1_186' title='bbox 867 2601 1091 2667; x_wconf 75' lang='lat' dir='ltr'>Buuseniaui’</span> <span class='ocrx_word' id='word_1_187' title='bbox 1122 2603 1361 2670; x_wconf 88' lang='lat' dir='ltr'>demonstravit</span> 
     </span>
     <span class='ocr_line' id='line_1_25' title="bbox 254 2703 1361 2792; baseline 0.003 -24"><span class='ocrx_word' id='word_1_188' title='bbox 254 2704 336 2770; x_wconf 80' lang='lat' dir='ltr'>ferri</span> <span class='ocrx_word' id='word_1_189' title='bbox 356 2725 422 2771; x_wconf 86' lang='lat' dir='ltr'>non</span> <span class='ocrx_word' id='word_1_190' title='bbox 444 2724 555 2787; x_wconf 88' lang='lat' dir='ltr'>posse,</span> <span class='ocrx_word' id='word_1_191' title='bbox 586 2703 819 2785; x_wconf 86' lang='lat' dir='ltr'>cumprimum</span> <span class='ocrx_word' id='word_1_192' title='bbox 847 2703 976 2783; x_wconf 91' lang='lat' dir='ltr'>quidem</span> <span class='ocrx_word' id='word_1_193' title='bbox 998 2721 1062 2767; x_wconf 84' lang='lat' dir='ltr'>vox</span> <span class='ocrx_word' id='word_1_194' title='bbox 1092 2703 1247 2792; x_wconf 69' lang='grc' dir='ltr'><em>ἐπίκλητος</em></span> <span class='ocrx_word' id='word_1_195' title='bbox 1274 2707 1361 2786; x_wconf 89' lang='lat' dir='ltr'>apud</span> 
     </span>
     <span class='ocr_line' id='line_1_26' title="bbox 256 2804 1361 2886; baseline 0.005 -19"><span class='ocrx_word' id='word_1_196' title='bbox 256 2810 404 2870; x_wconf 90' lang='lat' dir='ltr'>oratores</span> <span class='ocrx_word' id='word_1_197' title='bbox 436 2806 557 2870; x_wconf 89' lang='lat' dir='ltr'>atticos</span> <span class='ocrx_word' id='word_1_198' title='bbox 591 2804 719 2869; x_wconf 88' lang='lat' dir='ltr'>omuino</span> <span class='ocrx_word' id='word_1_199' title='bbox 747 2822 811 2867; x_wconf 89' lang='lat' dir='ltr'>non</span> <span class='ocrx_word' id='word_1_200' title='bbox 840 2807 990 2868; x_wconf 86' lang='lat' dir='ltr'>exstaret</span> <span class='ocrx_word' id='word_1_201' title='bbox 1022 2822 1142 2886; x_wconf 88' lang='lat' dir='ltr'>neque,</span> <span class='ocrx_word' id='word_1_202' title='bbox 1176 2804 1239 2870; x_wconf 93' lang='lat' dir='ltr'>nisi</span> <span class='ocrx_word' id='word_1_203' title='bbox 1271 2805 1361 2872; x_wconf 90' lang='lat' dir='ltr'>alind</span> 
     </span>
     <span class='ocr_line' id='line_1_27' title="bbox 255 2901 1360 2987; baseline 0.005 -23"><span class='ocrx_word' id='word_1_204' title='bbox 255 2901 333 2986; x_wconf 89' lang='lat' dir='ltr'>quid</span> <span class='ocrx_word' id='word_1_205' title='bbox 355 2903 540 2983; x_wconf 88' lang='lat' dir='ltr'>appositum</span> <span class='ocrx_word' id='word_1_206' title='bbox 563 2909 662 2984; x_wconf 90' lang='lat' dir='ltr'>esset,</span> <span class='ocrx_word' id='word_1_207' title='bbox 685 2906 770 2967; x_wconf 90' lang='lat' dir='ltr'>hanc</span> <span class='ocrx_word' id='word_1_208' title='bbox 792 2902 989 2967; x_wconf 85' lang='lat' dir='ltr'>sententiam</span> <span class='ocrx_word' id='word_1_209' title='bbox 1010 2902 1133 2968; x_wconf 88' lang='lat' dir='ltr'>habere</span> <span class='ocrx_word' id='word_1_210' title='bbox 1149 2910 1269 2987; x_wconf 87' lang='lat' dir='ltr'>posset,</span> <span class='ocrx_word' id='word_1_211' title='bbox 1292 2910 1360 2970; x_wconf 89' lang='lat' dir='ltr'>tnm</span> 
     </span>
     <span class='ocr_line' id='line_1_28' title="bbox 256 3000 1360 3085; baseline 0.001 -20"><span class='ocrx_word' id='word_1_212' title='bbox 256 3002 364 3065; x_wconf 86' lang='lat' dir='ltr'>altera</span> <span class='ocrx_word' id='word_1_213' title='bbox 385 3002 500 3065; x_wconf 88' lang='lat' dir='ltr'>harum</span> <span class='ocrx_word' id='word_1_214' title='bbox 523 3000 813 3084; x_wconf 82' lang='lat' dir='ltr'>significationum,</span> <span class='ocrx_word' id='word_1_215' title='bbox 837 3009 896 3066; x_wconf 89' lang='lat' dir='ltr'>aut</span> <span class='ocrx_word' id='word_1_216' title='bbox 925 3003 975 3062; x_wconf 74' lang='grc' dir='ltr'>τὸν</span> <span class='ocrx_word' id='word_1_217' title='bbox 1002 3001 1106 3084; x_wconf 73' lang='grc' dir='ltr'><em>κύριον</em></span> <span class='ocrx_word' id='word_1_218' title='bbox 1136 3006 1195 3066; x_wconf 89' lang='lat' dir='ltr'>aut</span> <span class='ocrx_word' id='word_1_219' title='bbox 1223 3002 1275 3064; x_wconf 72' lang='grc' dir='ltr'>ἐὰν</span> <span class='ocrx_word' id='word_1_220' title='bbox 1302 3003 1360 3085; x_wconf 80' lang='grc' dir='ltr'>μὲν</span> 
     </span>
     <span class='ocr_line' id='line_1_29' title="bbox 256 3093 1363 3188; baseline 0.003 -27"><span class='ocrx_word' id='word_1_221' title='bbox 256 3098 412 3188; x_wconf 74' lang='grc' dir='ltr'><em>ἐπίκλητός</em></span> <span class='ocrx_word' id='word_1_222' title='bbox 426 3125 469 3177; x_wconf 77' lang='grc' dir='ltr'>τις</span> <span class='ocrx_word' id='word_1_223' title='bbox 481 3093 502 3188; x_wconf 74' lang='grc' dir='ltr'><em>ᾗ</em></span> <span class='ocrx_word' id='word_1_224' title='bbox 516 3102 612 3183; x_wconf 89' lang='lat' dir='ltr'>plane</span> <span class='ocrx_word' id='word_1_225' title='bbox 627 3118 871 3183; x_wconf 86' lang='lat' dir='ltr'>supervacanea</span> <span class='ocrx_word' id='word_1_226' title='bbox 886 3105 985 3179; x_wconf 85' lang='lat' dir='ltr'>esset,</span> <span class='ocrx_word' id='word_1_227' title='bbox 998 3118 1062 3164; x_wconf 85' lang='lat' dir='ltr'>vox</span> <span class='ocrx_word' id='word_1_228' title='bbox 1077 3104 1187 3165; x_wconf 90' lang='lat' dir='ltr'>autem</span> <span class='ocrx_word' id='word_1_229' title='bbox 1202 3099 1363 3184; x_wconf 71' lang='grc' dir='ltr'><em>ἐπίτροπος</em></span> 
     </span>
     <span class='ocr_line' id='line_1_30' title="bbox 256 3198 1361 3284; baseline 0.004 -20"><span class='ocrx_word' id='word_1_230' title='bbox 256 3218 297 3265; x_wconf 81' lang='lat' dir='ltr'>ex</span> <span class='ocrx_word' id='word_1_231' title='bbox 326 3201 382 3284; x_wconf 78' lang='lat' dir='ltr'>eiS,</span> <span class='ocrx_word' id='word_1_232' title='bbox 416 3221 499 3282; x_wconf 87' lang='lat' dir='ltr'>quae</span> <span class='ocrx_word' id='word_1_233' title='bbox 522 3208 581 3268; x_wconf 89' lang='lat' dir='ltr'>aut</span> <span class='ocrx_word' id='word_1_234' title='bbox 614 3206 830 3282; x_wconf 86' lang='lat' dir='ltr'>sequerentur</span> <span class='ocrx_word' id='word_1_235' title='bbox 860 3207 919 3266; x_wconf 90' lang='lat' dir='ltr'>aut</span> <span class='ocrx_word' id='word_1_236' title='bbox 953 3198 1203 3283; x_wconf 82' lang='lat' dir='ltr'>praecederent,</span> <span class='ocrx_word' id='word_1_237' title='bbox 1231 3201 1361 3268; x_wconf 88' lang='lat' dir='ltr'>minime</span> 
     </span>
     <span class='ocr_line' id='line_1_31' title="bbox 256 3301 545 3384; baseline 0.021 -20"><span class='ocrx_word' id='word_1_238' title='bbox 256 3301 401 3382; x_wconf 89' lang='lat' dir='ltr'>suppleri</span> <span class='ocrx_word' id='word_1_239' title='bbox 422 3309 545 3384; x_wconf 87' lang='lat' dir='ltr'>posset.</span> 
     </span>
    </p>

    <p class='ocr_par' dir='ltr' id='par_1_5' title="bbox 255 3401 1360 3588">
     <span class='ocr_line' id='line_1_32' title="bbox 338 3401 1358 3487; baseline 0.002 -20"><span class='ocrx_word' id='word_1_240' title='bbox 338 3402 487 3468; x_wconf 90' lang='lat' dir='ltr'>Alteram</span> <span class='ocrx_word' id='word_1_241' title='bbox 524 3404 744 3487; x_wconf 89' lang='lat' dir='ltr'>conjecturam</span> <span class='ocrx_word' id='word_1_242' title='bbox 780 3401 951 3484; x_wconf 85' lang='lat' dir='ltr'>proposuit</span> <span class='ocrx_word' id='word_1_243' title='bbox 984 3401 1230 3485; x_wconf 66' lang='lat' dir='ltr'>Schellingins,³</span> <span class='ocrx_word' id='word_1_244' title='bbox 1262 3422 1358 3485; x_wconf 88' lang='lat' dir='ltr'>qnam</span> 
     </span>
     <span class='ocr_line' id='line_1_33' title="bbox 255 3503 1360 3588; baseline 0.002 -21"><span class='ocrx_word' id='word_1_245' title='bbox 255 3521 319 3568; x_wconf 87' lang='lat' dir='ltr'>nan</span> <span class='ocrx_word' id='word_1_246' title='bbox 342 3503 447 3588; x_wconf 84' lang='lat' dir='ltr'>magis</span> <span class='ocrx_word' id='word_1_247' title='bbox 470 3523 542 3571; x_wconf 90' lang='lat' dir='ltr'>esse</span> <span class='ocrx_word' id='word_1_248' title='bbox 558 3510 670 3587; x_wconf 88' lang='lat' dir='ltr'>aptam</span> <span class='ocrx_word' id='word_1_249' title='bbox 686 3503 873 3570; x_wconf 86' lang='lat' dir='ltr'>Franckius</span> <span class='ocrx_word' id='word_1_250' title='bbox 889 3504 1137 3569; x_wconf 87' lang='lat' dir='ltr'>demonstravit.</span> <span class='ocrx_word' id='word_1_251' title='bbox 1181 3503 1259 3569; x_wconf 84' lang='lat' dir='ltr'>Cum</span> <span class='ocrx_word' id='word_1_252' title='bbox 1276 3504 1360 3570; x_wconf 91' lang='lat' dir='ltr'>enim</span> 
     </span>
    </p>
   </div>
   <div class='ocr_carea' id='block_1_3' title="bbox 255 3705 1358 4111">
    <p class='ocr_par' dir='ltr' id='par_1_6' title="bbox 255 3705 1358 3860">
     <span class='ocr_line' id='line_1_34' title="bbox 341 3705 1358 3778; baseline -0.002 -17"><span class='ocrx_word' id='word_1_253' title='bbox 341 3711 348 3739; x_wconf 94' lang='lat'><strong>¹</strong></span> <span class='ocrx_word' id='word_1_254' title='bbox 367 3708 426 3761; x_wconf 92' lang='lat' dir='ltr'>Hac</span> <span class='ocrx_word' id='word_1_255' title='bbox 445 3707 599 3761; x_wconf 88' lang='lat' dir='ltr'>condicione</span> <span class='ocrx_word' id='word_1_256' title='bbox 617 3712 694 3761; x_wconf 88' lang='lat' dir='ltr'>tutor</span> <span class='ocrx_word' id='word_1_257' title='bbox 711 3722 775 3759; x_wconf 86' lang='lat' dir='ltr'>sane</span> <span class='ocrx_word' id='word_1_258' title='bbox 792 3705 906 3759; x_wconf 91' lang='lat' dir='ltr'>maritus</span> <span class='ocrx_word' id='word_1_259' title='bbox 925 3721 1029 3773; x_wconf 87' lang='lat' dir='ltr'>quoqne</span> <span class='ocrx_word' id='word_1_260' title='bbox 1049 3713 1091 3760; x_wconf 89' lang='lat' dir='ltr'>est</span> <span class='ocrx_word' id='word_1_261' title='bbox 1118 3708 1261 3778; x_wconf 76' lang='grc' dir='ltr'><em>ἐπικλήρου,</em></span> <span class='ocrx_word' id='word_1_262' title='bbox 1289 3721 1358 3772; x_wconf 89' lang='lat' dir='ltr'>quae</span> 
     </span>
     <span class='ocr_line' id='line_1_35' title="bbox 255 3789 849 3860; baseline 0 -17"><span class='ocrx_word' id='word_1_263' title='bbox 255 3805 298 3843; x_wconf 91' lang='lat' dir='ltr'>res</span> <span class='ocrx_word' id='word_1_264' title='bbox 316 3791 425 3845; x_wconf 87' lang='lat' dir='ltr'>videtur</span> <span class='ocrx_word' id='word_1_265' title='bbox 441 3789 596 3858; x_wconf 85' lang='lat' dir='ltr'>significata</span> <span class='ocrx_word' id='word_1_266' title='bbox 614 3806 672 3845; x_wconf 89' lang='lat' dir='ltr'>esse</span> <span class='ocrx_word' id='word_1_267' title='bbox 690 3805 755 3843; x_wconf 89' lang='lat' dir='ltr'>voce</span> <span class='ocrx_word' id='word_1_268' title='bbox 773 3791 849 3860; x_wconf 73' lang='grc' dir='ltr'><em>ἔχειν.</em></span> 
     </span>
    </p>

    <p class='ocr_par' dir='ltr' id='par_1_7' title="bbox 340 3873 576 3940">
     <span class='ocr_line' id='line_1_36' title="bbox 340 3873 576 3940; baseline -0.004 -13"><span class='ocrx_word' id='word_1_269' title='bbox 340 3874 402 3927; x_wconf 75' lang='lat' dir='ltr'>&#39;cd</span> <span class='ocrx_word' id='word_1_270' title='bbox 419 3873 436 3926; x_wconf 94' lang='lat' dir='ltr'>l.</span> <span class='ocrx_word' id='word_1_271' title='bbox 454 3873 472 3928; x_wconf 91' lang='lat' dir='ltr'>l.</span> <span class='ocrx_word' id='word_1_272' title='bbox 492 3889 517 3940; x_wconf 93' lang='lat' dir='ltr'>p.</span> <span class='ocrx_word' id='word_1_273' title='bbox 535 3874 576 3927; x_wconf 87' lang='lat'>48.</span> 
     </span>
    </p>

    <p class='ocr_par' dir='ltr' id='par_1_8' title="bbox 339 3957 607 4024">
     <span class='ocr_line' id='line_1_37' title="bbox 339 3957 607 4024; baseline 0.007 -15"><span class='ocrx_word' id='word_1_274' title='bbox 339 3957 400 4010; x_wconf 83' lang='lat' dir='ltr'>³cf.</span> <span class='ocrx_word' id='word_1_275' title='bbox 418 3958 436 4010; x_wconf 94' lang='lat' dir='ltr'>l.</span> <span class='ocrx_word' id='word_1_276' title='bbox 454 3957 472 4010; x_wconf 94' lang='lat' dir='ltr'>l.</span> <span class='ocrx_word' id='word_1_277' title='bbox 489 3974 515 4024; x_wconf 86' lang='lat' dir='ltr'>p.</span> <span class='ocrx_word' id='word_1_278' title='bbox 535 3957 607 4012; x_wconf 81' lang='lat'>1291.</span> 
     </span>
    </p>

    <p class='ocr_par' dir='ltr' id='par_1_9' title="bbox 341 4040 575 4111">
     <span class='ocr_line' id='line_1_38' title="bbox 341 4040 575 4111; baseline 0.013 -18"><span class='ocrx_word' id='word_1_279' title='bbox 341 4045 351 4070; x_wconf 83' lang='lat'><strong>⁴</strong></span> <span class='ocrx_word' id='word_1_280' title='bbox 369 4040 401 4094; x_wconf 82' lang='lat' dir='ltr'>cf.</span> <span class='ocrx_word' id='word_1_281' title='bbox 420 4042 437 4096; x_wconf 93' lang='lat' dir='ltr'>l.</span> <span class='ocrx_word' id='word_1_282' title='bbox 456 4042 473 4095; x_wconf 89' lang='lat' dir='ltr'>l.</span> <span class='ocrx_word' id='word_1_283' title='bbox 491 4059 516 4111; x_wconf 92' lang='lat' dir='ltr'>p.</span> <span class='ocrx_word' id='word_1_284' title='bbox 534 4043 575 4097; x_wconf 81' lang='grc'>98.</span> 
     </span>
    </p>
   </div>
   <div class='ocr_carea' id='block_1_4' title="bbox 0 0 1622 4834">
    <p class='ocr_par' dir='ltr' id='par_1_10' title="bbox 0 0 1622 4834">
     <span class='ocr_line' id='line_1_39' title="bbox 0 0 1622 4834; baseline 0 0"><span class='ocrx_word' id='word_1_285' title='bbox 0 0 1622 4834; x_wconf 95' lang='lat' dir='ltr'> </span> 
     </span>
    </p>
   </div>
  </div>
 </body>
</html>
