3234 4834
785 211 826 269 22

255 405 351 472 immo
387 406 568 488 complures
604 405 667 472 loci
700 407 852 488 obstant,
886 405 1003 486 quibus
1038 424 1202 489 pauperes
1234 424 1362 487 quoque

255 507 383 588 puellae
416 505 573 589 proximis
608 504 743 588 agnatis
775 510 927 571 carentes
960 505 1170 572 nominantur
1201 504 1360 592 ἐπίκληρπι.

255 604 334 672 Alia
360 605 489 673 ratione
520 607 562 673 K.
592 607 650 672 Fr.
677 607 909 673 Hermannus¹
938 622 1050 673 vocem
1081 604 1262 689 intellegit,
1290 624 1361 671 cum

146 782 151 792 ,
256 706 434 772 contendat
447 707 557 789 filiam,
580 705 633 772 cui
654 725 759 789 neque
781 710 879 789 pater
899 725 1004 788 neque
1025 707 1259 787 fraterneque
1280 724 1362 773 avus

257 805 355 889 adsit,
378 805 428 872 ita
449 811 580 872 tantum
600 824 665 872 non
687 806 846 893 ἐπίκληρον
868 824 941 872 esse
963 825 1077 890 posse,
1100 806 1129 873 si
1149 807 1257 872 frater
1278 805 1362 874 filios

256 906 289 972 in
312 905 420 972 aliena
441 908 547 973 tutela
568 907 749 990 reliquerit,
773 907 840 991 qui,
862 907 927 973 etsi
948 909 1033 973 bona
1048 906 1252 974 hereditaria
1273 926 1363 973 acce·

256 1005 379 1088 pariat,
410 1006 508 1091 κύριοι
534 1011 645 1073 tamen
673 1007 819 1073 mulieris
845 1025 1008 1073 essenon
1035 1006 1172 1090 possint.
1225 1006 1298 1090 Qua
1329 1008 1363 1073 in

256 1104 532 1188 interpretatione
563 1106 732 1174 subtiliter
765 1108 970 1189 excogitata,
1004 1126 1101 1190 quam
1122 1107 1364 1176 Thalheimius²

257 1225 384 1289 quoque
405 1207 576 1289 probavit,
609 1207 643 1272 id
676 1226 774 1274 unum
805 1207 886 1273 mihi
917 1208 1104 1291 scrupulum
1131 1213 1256 1292 mouet,
1279 1210 1365 1290 quod

256 1309 310 1373 lex
330 1325 395 1372 non
418 1313 507 1373 esset
527 1307 679 1391 integra,
702 1326 774 1373 cum
794 1307 969 1391 legislator
990 1327 1054 1375 non
1077 1312 1256 1393 statueret,
1287 1308 1364 1390 quid

257 1406 329 1473 fieri
351 1410 529 1489 oporteret,
552 1406 581 1472 si
601 1407 710 1473 frater
724 1413 873 1474 mortuus
888 1412 1031 1474 tutorem
1046 1427 1110 1474 non
1128 1409 1364 1476 constituisset.

257 1509 415 1572 Attamen
451 1509 659 1576 Hermannus
697 1509 833 1575 multum
864 1509 1007 1591 profecit
1039 1509 1257 1592 explicatione
1288 1529 1363 1576 sua:

257 1626 334 1673 nam
349 1607 473 1690 primus
488 1609 737 1693 demonstravit,
752 1608 899 1676 hocloco
914 1611 1017 1694 κύριον
1032 1628 1105 1676 esse
1119 1629 1184 1676 non
1198 1610 1362 1694 maritum,

258 1708 316 1774 sed
332 1711 503 1792 tutorem‚⁸
517 1729 622 1792 neque
636 1728 750 1776 vocem
764 1710 934 1794 ἐπιτρέπειν
947 1710 1070 1776 habere
1088 1709 1362 1793 significationem

258 1808 492 1893 despondendi,
514 1810 572 1876 sed
592 1810 829 1894 committendi,
851 1828 957 1891 neque
979 1810 1160 1894 subjectum
1182 1810 1272 1879 vocis
1299 1812 1365 1876 ἐπι-

260 1909 358 1998 τρέψῃ
380 1928 453 1976 esse
475 1929 571 1996 posse
592 1910 759 1999 ἐπίκληρος,
781 1911 841 1976 sed
862 1928 935 1976 esse
957 1911 1078 1976 debere
1099 1912 1226 1996 adpicta*

170 2117 176 2127 ‚
341 2041 403 2108 liis
435 2046 545 2109 autem
577 2042 642 2108 viri
674 2041 853 2109 doctissimi
891 2042 1067 2110 sententiis
1099 2045 1248 2126 probatis
1287 2045 1367 2111 mihi

257 2142 391 2210 videtur
417 2143 491 2209 ‘aha
522 2142 651 2210 ratione
683 2144 772 2210 locus
813 2142 937 2225 optime
966 2144 1114 2226 expediri
1143 2164 1249 2227 posse.
1306 2146 1366 2211 Le·

259 2243 400 2326 gislator
421 2263 623 2327 quacumque
644 2245 774 2312 ratione
798 2244 931 2311 filiabus
958 2245 1167 2311 hereditariis
1194 2244 1366 2328 prospexit

259 2348 293 2411 et
324 2363 420 2425 quam
451 2344 591 2411 maxime
623 2346 764 2429 curavit,
796 2364 839 2411 ne
875 2364 1016 2426 unquam
1048 2350 1159 2412 tutore
1191 2349 1367 2411 carerent.⁵

259 2443 345 2527 Quid
367 2450 487 2529 autem,
509 2445 593 2512 siin
615 2446 723 2528 domo,
745 2446 780 2512 in
802 2463 867 2526 qua
888 2451 1023 2528 praeter
1051 2445 1152 2512 filiam
1179 2464 1288 2528 nemo,
1311 2445 1366 2527 qui

260 2544 389 2626 quidem
410 2544 462 2611 sui
479 2544 564 2629 juris
585 2545 640 2625 sit,
662 2544 726 2611 nisi
747 2545 855 2611 frater
875 2551 996 2628 exstet,
1018 2546 1125 2613 frater
1139 2546 1211 2630 ipse
1225 2546 1366 2613 Athenis

259 2645 293 2711 in
318 2645 498 2727 complures
527 2663 655 2711 menses
677 2646 730 2712 vel
760 2644 861 2710 etiam
890 2664 993 2712 annos
1021 2645 1086 2711 alio
1116 2644 1366 2729 proficiscatur?

259 2763 365 2810 nonne
387 2752 457 2810 tum
478 2745 594 2811 mulier
624 2749 676 2811 est
702 2742 859 2826 proximis
887 2745 1022 2827 agnatis
1052 2745 1229 2829 destituta,
1258 2765 1367 2827 quam·

260 2863 356 2924 quam
376 2863 442 2910 non
469 2851 521 2911 est
551 2844 731 2932 ἐπίκληρρςΡ
785 2845 948 2911 Fortasse
981 2849 1090 2910 autem
1122 2845 1207 2911 aliae
1240 2865 1366 2928 quoque

260 2944 465 3011 condiciones
487 2945 628 3029 reperiri
649 2952 804 3030 possunt,
833 2945 949 3026 quibus
978 2964 1031 3012 res
1058 2946 1108 3012 ita
1134 2965 1207 3012 sese
1235 2948 1358 3013 habeat

238 3080 243 3090 ·
260 3044 342 3111 Mihi
362 3044 468 3128 igitur
490 3050 721 3130 argumentum
742 3047 837 3130 hujus
859 3045 1018 3112 formulae
1039 3047 1101 3112 hoc
1122 3046 1255 3114 videtur
1277 3066 1365 3114 esse:

345 3217 354 3245 ¹
373 3212 493 3282 cf.j11ris
510 3213 650 3268 domestici
669 3217 698 3267 et
715 3213 860 3267 familiaris
881 3213 952 3280 apud
968 3212 1110 3268 Platonem
1133 3214 1162 3268 in
1179 3213 1286 3283 legibus
1308 3229 1367 3267 cum

260 3296 362 3351 veteris
384 3296 512 3351 Graeciae
538 3296 619 3364 inque
646 3295 741 3367 primis
766 3296 935 3350 Athenarum
960 3295 1094 3351 institutis
1111 3296 1275 3366 comparatio
1293 3315 1318 3366 p.
1336 3296 1368 3351 10

261 3381 321 3434 adu.
345 3382 385 3434 26.

348 3464 638 3532 ’ct.l.l.p.8adn.
657 3467 681 3520 2.

347 3551 357 3581 ⁸
374 3549 490 3603 Tutores
507 3552 539 3602 ut
557 3546 733 3616 impuberum,
752 3547 793 3601 ita
810 3544 971 3600 feminarum
983 3545 1099 3600 Athenis
1111 3546 1250 3602 exstitisse
1261 3548 1368 3602 demon-

261 3638 332 3695 strat
347 3632 422 3686 Isaei
441 3632 473 3685 de
490 3630 620 3700 Dicaeog.
637 3632 692 3686 her.
710 3631 726 3699 ἓ
741 3634 781 3685 10.
817 3631 869 3684 Pro
888 3633 1024 3703 ἐπιτρόπου
1041 3629 1148 3684 nomine
1166 3645 1262 3684 nomen
1279 3633 1368 3702 κυρίου

263 3715 328 3786 poni
346 3732 400 3770 non
419 3720 462 3769 est
479 3716 519 3769 ita
537 3714 682 3783 singulare,
701 3715 747 3769 sed
764 3713 829 3768 alibi
847 3729 954 3781 quoque
970 3714 1112 3782 reperitur,
1130 3713 1313 3769 utDemcsth.
1331 3728 1369 3766 or.

260 3801 295 3855 43
312 3801 328 3868 ἕ
347 3803 387 3855 16.
423 3800 456 3853 cf.
475 3800 595 3867 Platner,
614 3799 646 3854 de
664 3798 707 3853 lit.
726 3803 755 3853 et
772 3802 825 3851 act.
843 3798 896 3851 vol.
914 3798 931 3850 2
947 3813 974 3864 p.
991 3800 1050 3852 276.

344 3888 355 3914 ⁴
371 3882 515 3951 Francki0‚
527 3882 573 3950 qui
591 3882 630 3950 (in
648 3882 750 3952 ephem.
768 3878 880 3936 Jenensi
892 3895 916 3933 a.
927 3880 993 3934 1844
1001 3898 1027 3949 p.
1038 3880 1096 3948 741)
1108 3880 1241 3949 cogitavit
1252 3880 1369 3935 fortasse

261 3982 355 4022 vocem
373 3970 454 4033 πόρος
471 3966 645 4033 supplendam
665 3979 730 4030 esse,
749 3962 876 4018 assentiri
893 3977 948 4017 non
965 3979 1084 4034 possum.

347 4051 409 4104 ⁵cf.
428 4066 453 4104 v.
472 4048 587 4104 (1Εεί.
605 4049 623 4103 1.
641 4066 667 4119 p.
688 4048 737 4102 155
755 4062 795 4114 sq.
