3234 4834
802 266 923 372 1o¹

353 509 389 573 In
434 514 580 574 extrema
633 515 730 590 parte
773 510 858 592 legis
901 510 972 575 luce
1021 510 1143 577 clarius
1186 518 1238 577 est
1273 514 1377 578 verba

271 608 385 672 τούτων
409 633 460 673 wo
483 610 668 693 παρανόμων
696 629 768 676 esse
799 614 965 693 corrupta,
993 630 1063 676 curn
1091 630 1270 694 1¹eS,quae
1298 617 1376 679 ante

269 717 539 776 commemoratae
560 716 647 793 sunt,
670 709 801 776 minime
823 711 951 792 possint
970 711 1082 776 uocari
1103 711 1234 794 legibus
1257 732 1375 797 repug-

269 815 396 876 nantes.
452 809 574 892 Quare:
594 810 771 875 Reiskius¹
801 810 983 876 mutatione
1015 810 1165 876 adhibita
1196 812 1331 894 scripsit
1356 812 1375 900 i}

269 911 327 973 ὑπὸ
352 914 411 974 τῶν
435 934 486 974 roo
509 913 712 995 equitatuum
735 911 793 976 sed
815 910 894 976 mihi
916 911 1044 993 quidem
1065 931 1170 992 neque
1193 914 1288 996 hujus
1310 914 1374 980 viri

268 1010 446 1076 doctissimi
480 1011 717 1094 interpretatio
750 1031 855 1092 neque
880 1012 1028 1092 Beelsii,²
1054 1012 1110 1093 qni
1134 1012 1221 1078 illius
1252 1016 1374 1099 conJ’ec·

271 1117 382 1177 turam
415 1113 581 1195 probavit,
616 1112 791 1194 explicatio
814 1114 933 1194 placet.
986 1113 1109 1177 Contra
1141 1113 1219 1178 mihi
1241 1113 1372 1180 videtur

269 1211 487 1292 praeferenda
509 1232 581 1279 esse
602 1214 742 1278 mutatio
756 1212 993 1296 Wesselingii,³
1014 1213 1068 1294 qui
1091 1233 1162 1279 cum
1177 1214 1251 1279 aliis
1269 1213 1372 1296 locis,¹

268 1311 384 1392 quibus
406 1317 556 1379 oratores
579 1313 664 1378 hanc
685 1314 791 1396 legem
814 1314 965 1396 laudant,
1001 1313 1169 1397 legeretur
1200 1319 1371 1397 παρανοῶν,

266 1412 352 1477 lianc
373 1430 484 1478 vocem
507 1417 620 1481 nostro
643 1432 769 1494 quoque
791 1413 862 1478 loco
884 1414 1043 1479 restituit.

348 1531 419 1596 Iam
443 1531 625 1613 scriptura,
657 1551 753 1613 quam
776 1533 818 1597 ab
840 1531 934 1597 initio
956 1531 1058 1597 fuisse
1080 1539 1247 1615 putamus,
1277 1532 1372 1598 resti·

266 1636 340 1697 tuta
355 1636 563 1698 transeamus
585 1632 628 1697 ad
650 1632 790 1698 alteram
812 1631 901 1697 illam
916 1631 1151 1717 quaestionem,
1167 1651 1264 1713 quam
1278 1632 1372 1698 nobis

266 1731 507 1814 proposuimus,
530 1732 701 1814 quaeritur
725 1733 809 1797 enim
831 1736 941 1797 utrum
972 1732 1025 1796 lex
1048 1733 1160 1797 eadem
1186 1733 1246 1811 sit,
1276 1752 1372 1813 quarn

267 1837 382 1897 orator
402 1833 437 1897 in
454 1832 620 1916 judicioa
651 1832 759 1898 scriba
788 1833 855 1915 legi
882 1833 1033 1916 jusserit,
1067 1851 1110 1897 an
1143 1837 1216 1899 tota
1247 1833 1373 1899 lervel

267 1951 345 2014 pars
367 1931 451 2015 legis
467 1932 638 2015 supposita
652 1931 705 1997 sit.
750 1935 859 2015 Atque
870 1936 938 2018 jam
953 1932 1108 1998 Reiskius
1123 1933 1256 2015 putavit
1270 1935 1373 1999 verba

265 2033 345 2096 ὥστε
367 2029 437 2119 μήτ’
461 2034 597 2096 ἀπειπεῖν
621 2030 691 2119 μήτ’
719 2033 946 2098 ἐπιδικάσασθαι
978 2053 1042 2099 non
1068 2033 1101 2099 in
1128 2034 1271 2118 genuina
1297 2035 1370 2117 lege

265 2132 381 2215 fuisse,
406 2133 464 2198 sed
485 2133 559 2215 ipsa
574 2134 733 2199 vocabula
754 2134 834 2198 ὥστε
856 2134 1038 2217 significari
1060 2134 1325 2214 consequentiam
1352 2152 1370 2198 e

264 2233 337 2316 lege
359 2234 491 2299 ductam
514 2238 546 2298 et
569 2239 685 2315 postea
706 2235 833 2300 demum
856 2235 1011 2301 additam.
1056 2237 1102 2299 At
1124 2254 1225 2316 supra
1242 2235 1369 2299 demon·
1392 2263 1395 2266 -

264 2340 374 2399 strare
396 2334 578 2400 studuimus
606 2354 718 2401 vocem
740 2336 820 2399 ὥστε
842 2335 972 2401 minime
994 2334 1075 2400 serri
1096 2353 1207 2416 posse,
1235 2338 1269 2399 et
1296 2352 1369 2398 con·

260 2435 397 2518 jecimus
419 2435 624 2501 scribendum
649 2455 720 2501 esse
753 2436 798 2511 οἷς
819 2435 862 2523 ἦν,
895 2437 952 2501 sed
980 2435 1079 2501 etiam
1106 2435 1169 2499 hac
1189 2433 1369 2499 mutatione

264 2536 405 2615 probata
424 2542 534 2602 tamen
549 2535 664 2616 quaeri
679 2536 793 2617 possit,
809 2537 953 2601 verbane
968 2540 1085 2616 postea
1099 2535 1227 2599 demum
1242 2533 1369 2598 inserta

263 2634 348 2717 sint,
371 2634 568 2717 praesertim
591 2654 661 2701 cum
683 2636 717 2701 in
739 2636 888 2701 oratione
910 2636 1069 2702 adversus
1095 2633 1313 2715 Leocharem,
1334 2634 1368 2698 in

263 2752 327 2813 qua
350 2735 446 2819 hujus
468 2736 550 2819 legis
573 2735 693 2801 mentio
714 2734 763 2816 fit,
785 2736 889 2800 verba
909 2754 974 2800 non
996 2738 1138 2800 exstent.

330 2854 376 2917 ‘A
399 2873 461 2934 qno
484 2861 594 2920 autem
616 2858 767 2936 putemus
783 2855 886 2919 verba
901 2852 1016 2918 addita
1031 2852 1127 2919 esse?
1171 2851 1368 2919 Oratoribus

261 2952 351 3035 ipsis,
375 2972 446 3019 cum
468 2954 574 3038 legem
597 2953 726 3020 laudari
735 2955 900 3038 Juberent,
916 2973 995 3020 sane
1016 2953 1107 3020 licuit
1123 2973 1162 3019 ea
1177 2959 1368 3036 praecepta,

262 3072 345 3133 quae
367 3056 410 3119 ad
436 3073 504 3120 rem
533 3075 597 3120 non
627 3056 853 3138 pertinebant,
887 3054 1053 3138 omittere,
1087 3057 1145 3120 sed
1177 3075 1242 3121 non
1275 3053 1369 3119 licuit

262 3153 435 3235 quidquam
458 3160 517 3220 aut
539 3160 667 3222 mutare
690 3165 748 3222 aut
769 3155 1006 3237 interponere.⁵
1049 3156 1112 3221 Sed
1128 3160 1165 3220 ut
1179 3155 1241 3219 hoc
1255 3154 1366 3219 facere

260 3254 400 3338 licuerit,
409 3274 493 3336 quae
506 3261 579 3321 erat
592 3275 700 3337 causa,
714 3276 772 3321 our
784 3264 897 3322 orator
909 3257 994 3322 hanc
1006 3255 1135 3321 minime
1146 3252 1366 3319 necessariam

262 3481 305 3533 καὶ
324 3483 365 3533 τὸν
384 3484 453 3536 οἷκον
470 3486 631 3548 καταμένειν.
674 3481 750 3547 Quot]
776 3481 868 3535 allieni
894 3481 1093 3535 Schoemannus
1119 3479 1151 3531 de
1177 3477 1226 3531 hoc
1252 3477 1311 3530 loco
1337 3480 1366 3528 et

262 3567 355 3615 contra
374 3565 536 3618 sententiam
553 3581 637 3634 supra
654 3565 789 3632 prolatam
811 3564 908 3618 attulit
930 3564 958 3617 in
976 3565 1065 3617 annai.
1088 3561 1178 3615 Berol.¹
1197 3561 1262 3614 1828
1278 3559 1331 3612 vol.
1349 3558 1365 3611 2

259 3662 284 3712 p.
304 3647 354 3699 342
373 3664 420 3715 sq,
438 3648 488 3702 hoc
504 3648 572 3701 mihi
589 3666 643 3702 non
660 3648 802 3716 persuasit.

346 3733 353 3760 ¹
372 3730 405 3783 ef.
424 3730 463 3784 ed.
481 3730 587 3784 Reiskii
608 3746 633 3784 a.
653 3731 725 3785 1770.

343 3815 353 3843 ²
371 3812 405 3866 cf.
414 3813 501 3880 Recio,
513 3812 627 3867 diatribe
637 3812 665 3866 in
674 3813 812 3867 Demosth.
824 3813 961 3868 orationes
970 3813 998 3867 in
1008 3813 1173 3879 Stephanum
1183 3825 1207 3863 a.
1220 3809 1283 3863 1825
1293 3810 1365 3876 pao,

341 3896 352 3927 ⁸
370 3897 404 3949 cf.
422 3894 585 3964 Wesseliug,
607 3897 640 3949 ad
658 3895 745 3950 Potiti
762 3897 828 3964 Lag.
846 3902 896 3950 att.
915 3914 940 3963 p.
958 3897 1009 3950 580
1027 3895 1087 3948 adn.
1105 3894 1128 3947 2.

343 3978 405 4031 ‘ot
424 3977 497 4031 Isaei
516 3981 610 4033 oratii
629 3978 645 4045 ξ
663 3981 685 4046 9,
705 3981 799 4033 orant
816 3980 832 4045 ἕ
851 3983 890 4047 15,
910 3981 942 4032 16
960 3979 1068 4045 (sequor
1090 3993 1216 4033 nurmeros
1239 3976 1365 4032 editionis

259 4059 433 4115 Schoemanni
451 4060 537 4129 1831).

343 4143 404 4197 ⁸ci.
423 4143 540 4210 Bunsen,
560 4144 578 4197 l.
596 4145 614 4198 l.
632 4161 657 4211 p.
676 4146 709 4198 56
726 4145 786 4199 adn.
807 4148 845 4199 12.
