3234 4834
808 290 850 350 48

361 484 434 550 Hoc
454 504 552 551 unum
574 485 719 551 fortasse
741 486 911 568 scrupulos
933 490 1074 568 moveat,
1098 487 1184 569 quod
1198 487 1233 553 in
1247 487 1387 554 formula

278 584 440 666 Brytidae
455 585 597 669 gentiles
620 588 749 651 tantum
764 585 927 669 dicuntur,
951 592 1068 652 eontra
1089 586 1122 651 in
1143 585 1218 669 ipsa
1238 586 1387 653 oratione

278 703 414 767 puerum
437 684 659 767 recipiendum
681 686 780 752 etad
808 687 986 767 phrateras
1013 692 1049 753 et
1074 686 1116 752 ad
1144 686 1286 770 gentiles
1313 705 1387 769 pro·

279 785 411 856 ductum
434 804 506 851 esse
528 786 746 852 contenditur.
789 787 838 851 At
859 788 940 853 haec
970 806 1097 870 quoque
1126 786 1261 854 offensio
1289 787 1387 854 facile

279 886 430 969 tolletur,
454 886 483 951 si
509 885 615 968 qualis
643 885 731 951 ratio
763 892 842 953 tunc
875 887 963 953 inter
996 888 1167 970 phratrias
1200 890 1235 953 et
1269 892 1387 971 gentes

278 986 506 1053 intercesserit
528 1005 735 1068 exponemus.
779 987 963 1054 Clisthenes
990 989 1088 1070 euim,
1118 1007 1189 1054 cum
1217 986 1387 1053 civitatem

279 1106 367 1153 nova
386 1087 515 1154 ratione
538 1087 737 1170 disponeret,
752 1086 932 1169 phratrias,
955 1107 1038 1168 quae
1061 1093 1162 1153 antee
1177 1085 1387 1168 exstiterant,

279 1187 377 1269 plana
398 1188 533 1253 sustulit
567 1193 666 1269 atque
687 1205 803 1271 novas,
834 1206 971 1270 quarum
997 1188 1030 1254 iu
1060 1205 1157 1253 uuanr
1185 1185 1297 1252 induci
1323 1205 1388 1251 om·

279 1287 375 1354 nibus
409 1287 535 1353 civibus
568 1286 713 1352 condicio
747 1286 895 1353 civitatis
924 1296 1007 1370 eret,
1037 1286 1221 1353 constituit.
1264 1285 1387 1352 Contra

279 1388 434 1470 antiquas
456 1391 574 1471 gentes
596 1404 661 1452 nou
682 1387 780 1469 plane
802 1387 938 1470 amovit,
960 1389 1019 1454 sed
1040 1392 1240 1470 potestatem
1256 1392 1386 1453 tautum

280 1485 327 1552 eis
356 1487 493 1569 eripuit,
515 1487 564 1553 ite
593 1493 631 1553 ut
657 1486 754 1553 liberi
779 1494 997 1570 gennetarum
1024 1506 1123 1569 porro
1150 1487 1184 1552 in
1211 1491 1387 1554 stemmata

280 1585 427 1668 gentium
460 1585 733 1669 inscriberentur,
767 1588 826 1653 sed
860 1590 942 1654 haec
963 1587 1135 1669 inscriptio
1169 1606 1229 1670 per
1256 1605 1292 1651 se
1313 1585 1387 1667 ipsa

279 1703 344 1751 uon
366 1690 455 1751 esset
478 1686 624 1752 condicio
647 1686 794 1753 civitatis
849 1686 958 1770 Quare
979 1686 1091 1770 liberi,
1114 1706 1249 1768 quorum
1272 1691 1403 1768 patresv

275 1786 344 1869 jam
365 1784 400 1850 in
414 1784 525 1867 aliqua
540 1792 640 1870 gente
654 1785 813 1868 fuerant,¹
834 1787 868 1853 iu
883 1788 946 1853 duo
962 1791 1148 1869 stemmata,
1165 1792 1201 1852 et
1214 1786 1387 1868 phratriae

280 1890 315 1952 et
337 1885 448 1968 gentis
469 1884 744 1952 inscribebantur.
787 1889 899 1969 Atque
921 1887 1109 1970 phrateras,
1143 1905 1214 1952 curn
1237 1886 1387 1968 quaestio

280 1990 368 2052 esset
389 1986 528 2052 liberine
549 1987 729 2070 recipiendi
762 1995 874 2055 esseut
905 2006 1021 2068 necne,
1050 1987 1173 2072 judicio
1206 1987 1387 2071 gentilium,

281 2087 336 2168 qui
357 2086 488 2168 quidem
509 2091 568 2152 aut
589 2088 701 2154 eodem
722 2094 871 2171 tempore
893 2093 953 2155 aut
968 2088 1078 2170 paullo
1093 2092 1171 2154 ante
1182 2087 1388 2182 judicabant,

280 2186 453 2253 maximam
475 2188 707 2255 auctoritatem
736 2187 895 2255 tribuisse
923 2190 1020 2271 plene
1049 2195 1303 2256 consentaneum
1326 2193 1387 2255 est.

279 2287 495 2355 Phrastorenn
517 2287 633 2372 igitur,
656 2308 727 2355 curn
749 2287 965 2370 Brytidarum
988 2290 1098 2373 gentis
1120 2298 1226 2373 esset,
1249 2288 1387 2371 primum

282 2387 409 2467 quidem
432 2388 520 2470 apud
552 2388 694 2472 gentiles
726 2407 863 2469 puerum
894 2388 1063 2455 induxisse
1095 2397 1233 2455 nonest
1260 2388 1386 2472 mirum,

281 2491 381 2569 atque
403 2506 475 2553 cunr
492 2487 527 2554 hi
541 2507 675 2570 puerum
692 2487 841 2570 recipere
855 2493 1076 2570 recusassent,
1099 2507 1141 2553 ne
1154 2488 1188 2553 in
1203 2489 1386 2570 phratriam

281 2589 410 2671 quidem
436 2588 540 2671 recipi
561 2590 684 2673 potuit,
710 2589 760 2654 ita
787 2599 826 2656 ut
850 2589 1065 2671 Brytidarum
1094 2589 1280 2656 testimonio
1307 2588 1387 2653 illud

280 2690 474 2770 phraterum
494 2690 558 2773 jam
581 2688 815 2755 contineretur.
859 2687 969 2771 Quare
990 2690 1052 2755 hoc
1078 2688 1158 2755 milri
1179 2686 1387 2754 offensionem

281 2790 441 2870 praebere
463 2807 527 2854 nou
549 2788 692 2871 videtur,
715 2788 913 2870 praesertim
936 2808 1007 2854 crim
1028 2789 1103 2855 aliis
1129 2806 1257 2870 quoque
1288 2787 1386 2852 locis²

281 2889 376 2973 hujus
398 2888 574 2955 liberorum
596 2887 630 2953 in
652 2895 769 2970 gentes
791 2887 990 2954 inductionis
1011 2888 1133 2953 mentio
1155 2886 1224 2952 fiat.

365 3191 405 3256 Iu
426 3190 445 3273 ξ
467 3191 508 3256 83
530 3194 643 3254 orator
665 3187 753 3253 aliud
775 3205 901 3269 quoque
916 3191 1147 3269 argumentum
1162 3205 1198 3252 se
1213 3187 1389 3252 allaturum

283 3310 355 3357 esse
376 3288 552 3373 promittit,
576 3306 647 3354 curn
664 3287 792 3371 judices
814 3287 990 3352 admoneat
1011 3285 1063 3351 his
1083 3284 1207 3350 verbis:
1235 3284 1390 3370 σκέψασθε

283 3391 318 3456 δὲ
333 3391 381 3455 καὶ
393 3393 446 3477 τὴν
457 3389 709 3473 αἰσχροκέρδειαν
726 3388 778 3474 τὴν
794 3386 956 3472 Στεφάνου
972 3386 1089 3449 ruozoni
1105 3386 1154 3453 καὶ
1170 3385 1223 3471 τὴν
1237 3383 1389 3473 πονηρίαν,

282 3490 329 3553 ἵνα
357 3492 405 3553 καὶ
434 3490 467 3552 ἐκ
499 3489 610 3576 ταύτης
640 3487 748 3574 εἰδῆτε,
782 3488 828 3550 ὅτι
860 3487 915 3550 οὐκ
948 3484 1010 3549 ἔστι
1043 3485 1160 3570 Νέαιρα
1192 3484 1270 3573 αὕτη
1302 3483 1387 3569 ἀστή.

282 3590 349 3656 Res
371 3594 497 3671 autem,
519 3606 616 3670 quam
643 3606 729 3652 nunc
756 3586 868 3653 multis
895 3585 1006 3652 verbis
1034 3585 1185 3669 exponit,
1215 3585 1297 3649 haec
1322 3588 1388 3650 est:

368 3793 376 3820 ¹
393 3790 456 3844 Non
473 3802 565 3842 omnes
582 3786 655 3842 cives
672 3785 701 3840 in
719 3786 848 3855 gentibus
860 3792 949 3855 eraut,
967 3803 1028 3841 eum
1040 3784 1192 3840 Clisthenes
1203 3783 1304 3838 multos
1315 3799 1389 3852 pere·

284 3872 377 3941 grinos
394 3879 423 3928 et
442 3872 591 3940 libertinos,
611 3887 678 3938 quos
698 3870 727 3924 in
748 3870 889 3925 ciuitatem
910 3876 1057 3941 receperat,
1075 3867 1103 3921 in
1124 3866 1262 3936 phratrias
1282 3873 1389 3923 tantum

283 3955 442 4012 induxisset.
472 3957 513 4011 De
530 3956 572 4010 his
589 3956 670 4011 rebus
687 3954 721 4008 cf.
740 3953 867 4021 Philippi,
886 3954 902 4007 l.
920 3954 938 4007 l.
958 3970 983 4021 p.
1003 3954 1062 4015 1683
1081 3948 1194 4015 Gilhert,
1213 3949 1298 4018 antiq.
1316 3949 1389 4017 publ.

283 4055 371 4107 graec
389 4058 415 4109 p.
434 4043 483 4095 142
501 4047 530 4095 et
547 4041 596 4096 200
614 4056 661 4107 sq.·,
679 4039 853 4104 Schoemonn,
871 4037 955 4104 antiq.
974 4052 1015 4105 gr.
1033 4034 1086 4089 rol.
1106 4035 1118 4087 l
1137 4049 1162 4101 p.
1181 4033 1241 4087 386.

367 4124 429 4180 'cd
446 4124 518 4181 Isaei
535 4129 602 4179 orat.
620 4125 635 4177 ‘l
653 4122 669 4193 ξ
688 4122 732 4186 13·,
750 4121 853 4175 Andoe.
872 4125 940 4174 orat
960 4120 972 4173 l
992 4119 1009 4187 ξ
1034 4120 1090 4173 127.
