3234 4834
786 354 826 414 51

258 551 349 635 regis
371 550 547 616 sacrificuli
568 549 832 630 administraret,
856 568 952 615 saera
973 549 1105 631 publiea
1126 550 1215 615 iecit.
1260 551 1363 615 Theo·

260 670 361 734 genes
400 656 524 734 aretem,
558 669 630 716 oum
662 653 704 716 ab
737 649 952 734 Areopagitis
983 650 1232 733 vituperaretur
1264 655 1364 732 atque

259 751 448 836 puniretur,
485 751 571 832 quod
607 750 817 834 peregrinam
853 750 1019 816 mulierem
1054 751 1089 816 in
1123 749 1364 816 matrimonium

260 852 408 918 duxisset
429 855 464 917 et
485 860 523 918 ut
549 851 698 935 reginam
728 850 945 917 sacrificulum
972 869 1067 917 saera
1095 850 1226 933 publiea
1253 851 1364 916 faeere

259 953 472 1036 permisisset,
491 952 659 1034 professus
681 969 718 1017 se
739 970 759 1016 a
781 951 949 1032 Stephano
973 951 1159 1033 deceptum,
1178 952 1236 1017 sed
1250 951 1330 1019 stat‘

259 1052 424 1119 mulierem
446 1070 464 1117 e
487 1052 579 1117 domo
602 1052 779 1134 ejecturum
803 1070 891 1122 esse.
913 1051 1027 1116 Phano
1049 1051 1083 1116 in
1105 1051 1211 1134 patris
1234 1053 1362 1118 domum

259 1152 394 1220 remisit.
448 1153 546 1236 Cujus
579 1150 780 1217 narrationis
820 1151 902 1217 fides
941 1152 1036 1217 nobis
1078 1153 1139 1217 hoo
1175 1151 1362 1217 testimonio

260 1254 361 1340 §111
390 1253 618 1321 confirmatur:

388 1387 534 1473 θεογένητ
550 1384 687 1470 Ἑρχιεὺς
702 1390 869 1469 μαρτυρεῖ,
892 1386 936 1449 ἀπ’
966 1386 1059 1461 αὐτὸς
1083 1385 1248 1468 ἐβασίλευε,
1276 1392 1365 1475 γῆμαι

388 1487 478 1551 Φανὼ
510 1488 555 1563 ὡς
584 1486 746 1571 Στεφάνου
773 1484 867 1549 οὖσαν
896 1486 1062 1570 ιλυγατέρα,
1095 1486 1159 1550 ἐπεὶ
1185 1486 1219 1549 ἀὲ
1253 1482 1365 1573 ᾔσιλετο

385 1591 625 1679 ἐξηπατημένος,
660 1590 712 1678 τήν
750 1613 783 1652 τε
816 1588 980 1672 ἀνάρωπον
1017 1588 1156 1670 ἐκβαλεῖν
1187 1591 1235 1651 καὶ
1268 1588 1365 1652 ου’κέτι

385 1696 531 1754 συνοικεῖν
560 1691 647 1777 αὐτῇ,
672 1692 721 1754 καὶ
750 1688 910 1774 Στέφανον
939 1689 1086 1752 ἀπελάσαι
1112 1690 1172 1750 ἀπὸ
1206 1693 1257 1776 τῆς
1286 1711 1365 1772 παρ-

387 1790 491 1875 εδρίας
510 1793 559 1854 καὶ
581 1792 634 1855 oda
656 1790 709 1853 ἐιῖν
731 1787 774 1853 ἔτι
797 1789 999 1873 παρεδρεύειν
1020 1789 1112 1873 αὐτῷ.

343 1968 416 2033 Hoo
437 1967 659 2035 testimonium
681 1968 954 2034 Westermannus
976 1965 1058 2031 dicit
1083 1966 1145 2032 hoo
1171 1966 1241 2030 looo
1270 1965 1366 2046 plane

260 2066 407 2148 ineptum
429 2088 518 2149 esse;
541 2088 582 2134 ex
602 2067 714 2134 uerbis
737 2066 837 2150 enirn,
870 2086 954 2148 quae
980 2070 1094 2130 orator
1121 2070 1221 2131 antea
1249 2064 1367 2131 feeerit

260 2170 309 2231 καὶ
335 2169 381 2231 ὅτι
410 2168 492 2232 ταῦτ’
519 2168 618 2256 ἀληιλη
644 2167 729 2251 λέγω,
769 2168 884 2231 τούτων
918 2167 985 2250 ὑμῖν
1014 2167 1158 2250 μάρτυρα
1190 2167 1283 2228 αὐτὸν
1316 2168 1367 2229 τὸν

265 2266 410 2353 θεογένην
442 2269 524 2332 καλῶ
551 2271 600 2332 καὶ
626 2269 785 2350 ἀναγκάσιο
808 2268 978 2351 μαρτυρεῖν
1012 2264 1199 2346 exspectari
1227 2265 1367 2330 formula

261 2386 370 2433 omues
393 2387 466 2450 rm,
489 2387 571 2450 quas
594 2373 694 2433 antea
716 2371 830 2433 orator
853 2364 1058 2448 exposuerit,
1082 2364 1276 2431 confirmari.
1321 2368 1368 2431 At

260 2466 367 2532 virum
388 2468 612 2535 doctissimum
633 2487 746 2534 vooern
780 2472 875 2531 ταῦτα
906 2467 967 2532 hoo
998 2466 1091 2531 modo
1126 2466 1368 2532 intellecturum

260 2566 363 2634 fuisso
385 2567 441 2634 vix
471 2574 565 2652 puto,
597 2568 627 2634 si
658 2567 800 2633 animum
833 2567 1036 2633 advertisset
1068 2567 1111 2632 ad
1132 2567 1250 2649 verba,
1284 2583 1368 2648 quae

263 2675 377 2735 orator
397 2667 432 2733 in
453 2669 472 2752 ξ
495 2670 556 2735 105
577 2668 676 2734 facit:
700 2667 777 2753 φέρε
811 2669 848 2756 (λη
881 2670 930 2731 καὶ
958 2666 1130 2752 μαρτυρίαν
1162 2667 1368 2750 παράσχωμαι

263 2769 329 2851 ὑμῖν
360 2769 399 2833 δι’
436 2769 615 2856 ἀπορρήτου
647 2769 706 2854 μὲν
741 2769 946 2857 γεγενημένην,
984 2770 1070 2852 ὅμως
1101 2767 1137 2831 ἀὲ
1172 2768 1276 2843 αὐτοῖς
1309 2771 1371 2841 τοῖς

263 2869 484 2951 πεπραγμένοις
503 2869 640 2942 ἐπιδείξω
663 2869 800 2953 φανερὰν
823 2867 917 2933 οὖσαν
939 2869 1032 2956 αὐτην
1047 2869 1096 2932 καὶ
1110 2866 1217 2956 ἀληιλῆ.
1261 2865 1368 2933 Testi-

262 2967 367 3032 monio
389 2968 495 3050 igitur
517 2973 591 3033 erat
612 2967 647 3032 id
670 2969 756 3049 quod
782 2968 817 3032 in
839 2970 1017 3052 Areopago
1046 2967 1250 3049 disputatum
1279 2972 1368 3032 erati

263 3067 321 3130 sed
342 3085 414 3132 oum
444 3067 506 3132 hae
537 3065 778 3148 disputationes
811 3067 845 3131 in
874 3085 994 3133 artano
1026 3067 1165 3149 fuerint,
1188 3071 1302 3132 orator
1332 3086 1369 3133 se

263 3166 323 3232 has
344 3185 399 3232 res
421 3171 542 3232 eventu
563 3167 779 3249 probaturum
808 3184 881 3232 esse
902 3167 1076 3249 promittit.
1132 3166 1216 3250 Quid
1249 3171 1368 3250 autem,

263 3266 305 3350 si,
338 3272 377 3332 ut
405 3266 477 3332 vult
498 3267 784 3349 Westermannus,
814 3266 961 3333 actiones
993 3266 1028 3331 in
1050 3269 1227 3351 Areopago
1259 3266 1370 3333 factae

262 3368 500 3451 probarentur,
524 3371 592 3433 tum
622 3366 657 3432 in
684 3386 806 3435 arcano
833 3373 931 3449 esset,
965 3368 1050 3451 qnod
1083 3375 1196 3435 orator
1229 3369 1371 3450 probare

263 3467 443 3550 nequiret?
475 3468 590 3550 Neque
600 3466 680 3533 mihi
694 3472 785 3533 reete
801 3467 925 3534 sentire
940 3468 1073 3535 videtur
1087 3466 1140 3533 vir
1154 3466 1371 3547 doctissimus,

263 3569 349 3650 quod
370 3587 450 3635 voce
472 3570 630 3650 ἀναγκάσω
652 3567 787 3650 probari
809 3568 891 3634 dicit
911 3588 975 3635 non
994 3568 1089 3633 modo
1118 3573 1291 3649 ovantum,
1313 3567 1371 3633 sed

263 3673 368 3735 totum
382 3688 493 3736 rerum
508 3670 658 3735 ordinem
673 3667 932 3752 intellegendum
948 3688 1029 3751 esse,
1051 3687 1146 3750 quem
1161 3667 1371 3734 audientibus

265 3771 300 3834 in
322 3769 508 3837 memoriam
530 3769 682 3837 revocari
713 3769 860 3835 fortasse
887 3769 1025 3835 moleste
1052 3769 1141 3834 ierat
1162 3769 1370 3852 Theogenes

265 3870 323 3936 sed
345 3889 450 3936 nonne
471 3870 505 3937 id
529 3872 596 3956 jam
618 3870 761 3936 oratoris
792 3869 986 3936 narratione
1014 3869 1139 3937 factum
1167 3875 1234 3954 est,
1259 3870 1309 3935 ita
1334 3876 1372 3937 ut

265 3970 347 4036 haec
380 3990 457 4037 onra
490 3972 589 4053 plane
621 3970 747 4036 inutilis
780 3968 890 4035 esset?
944 3968 1054 4052 Quare
1081 3969 1153 4036 viro
1185 3969 1371 4037 doctissimo

265 4070 423 4138 assentiri
445 4090 587 4154 nequeo,
610 4071 668 4138 sed
690 4069 912 4137 testimonium
941 4070 1028 4135 omni
1054 4070 1230 4137 offensione
1251 4088 1373 4137 vacare

265 4170 425 4255 existimo,
448 4171 600 4254 quoniam
622 4172 764 4238 alterurn
785 4170 989 4252 scrupulum,
1012 4171 1068 4253 qui
1088 4170 1231 4308 ἱυοεηρυ
1244 4170 1373 4238 nomino
