3234 4834
789 230 828 289 37

347 427 421 491 Has
443 428 510 490 tres
530 426 619 507 leges
640 424 673 490 in
694 426 755 491 hac
776 424 919 491 oratione
938 444 959 491 a
981 424 1087 491 scriba
1109 428 1218 491 orator
1238 425 1368 491 recitari

258 524 372 608 jussit;
395 530 505 590 contra
526 525 684 606 permulta
705 525 888 591 testimonia
901 525 1043 607 protulit,
1066 545 1197 606 quorum
1215 525 1369 592 formulas

262 643 364 706 paene
385 644 493 691 omncs
513 624 598 691 inter
619 625 756 692 oratoris
770 626 870 693 verba
890 625 1030 692 insertas
1051 626 1233 708 reperimus.
1278 625 1368 711 Quas

262 725 304 791 ad
334 725 487 799 formulas
521 724 749 792 examinandas
775 744 859 791 nunc
895 727 1082 793 accedamus
1108 730 1205 808 atque
1234 726 1369 808 primum

262 825 386 916 quidem
411 824 609 908 disputemus
632 824 672 890 de
693 824 876 891 testimonio
897 825 916 907 ἓ
938 830 996 891 30:

390 941 594 1025 Φιλόστρατος
612 940 766 1005 Διονυσίου
790 938 969 1030 Κολωνῆθεν
992 945 1147 1027 μαρτυρεῖ
1174 943 1286 1007 εἰδέναι
1309 944 1369 1008 Νέ-

389 1066 479 1127 αιραν
502 1042 672 1130 Νικαρέτης
699 1040 806 1118 οὖσαν,
837 1042 936 1131 ἧσπερ
965 1043 1013 1107 καί
1042 1043 1213 1126 Μετάνειρα
1242 1043 1368 1125 minero,

386 1143 434 1207 καί
455 1141 636 1224 κατάγεσθαι
658 1139 729 1225 παρ’
753 1143 853 1226 αὐτῷ,
876 1142 928 1205 ὅτε
950 1142 995 1218 είς
1021 1141 1056 1205 τὰ
1081 1141 1235 1229 μυστήρια
1257 1142 1369 1230 ἐπεθή-

382 1265 493 1330 μησαν,
522 1241 554 1305 ἐν
577 1240 718 1327 Κορίνθῳ
748 1242 899 1306 οἰκοῦσαι·
926 1246 1110 1330 καταστῆσαι
1139 1241 1175 1304 di
1205 1241 1300 1318 αὐτὰς
1327 1243 1371 1319 ὡς

354 1368 357 1386 ²
386 1344 479 1407 αὑτὸν
511 1341 632 1418 Λυσίαν,
674 1345 724 1406 τὸν
765 1343 915 1429 Κεφάλου,
947 1341 1032 1428 μίλον
1072 1341 1145 1406 ι’ίντα
1182 1343 1286 1428 ἑαυτῷ
1321 1347 1369 1408 καὶ

388 1444 564 1532 ἐπιτήδειον.

344 1576 415 1662 Quo
435 1577 470 1643 in
491 1576 672 1644 testimonio
694 1578 753 1643 hoc
770 1577 906 1659 primum
920 1575 1051 1643 offendit
1060 1577 1368 1659 Westermanuum,¹

262 1678 345 1758 quod
372 1697 436 1743 uua
462 1683 587 1744 tantum
613 1697 689 1761 pars
717 1696 839 1761 eorum,
876 1696 958 1758 quae
986 1696 1021 1742 se
1049 1676 1230 1743 testimonio
1256 1679 1368 1759 proba-

263 1783 369 1843 turum
391 1796 461 1843 esse
481 1778 671 1860 promiserat
684 1784 801 1861 orator,
817 1782 1122 1845 commemoraretur.
1166 1777 1247 1844 (lum
1261 1783 1368 1843 autem

263 1884 370 1944 orator
404 1880 484 1944 haec
516 1879 615 1946 verba
653 1878 866 1961 praemiserit:
910 1879 956 1948 ὡς
985 1875 1038 1941 οὖν
1072 1877 1171 1966 ἀληθῆ
1202 1878 1287 1960 λέγω,
1319 1880 1365 1942 ὅτι

263 1978 432 2067 Νικαρέτης
451 1977 486 2067 ἧν
516 1981 565 2044 καί
590 1980 750 2068 ἠκολούθει
780 1974 877 2069 ἐκείνῃ
906 1981 954 2044 καί
982 1977 1156 2064 ἐμισθάρνει
1184 1980 1230 2063 τῷ
1255 1978 1368 2061 βουλο-

260 2078 345 2163 μένῳ
367 2078 540 2155 α’ναλίσκειν,
565 2080 679 2143 τούτων
701 2080 768 2165 ὑμῖν
790 2080 883 2143 αὐτὸν
914 2082 965 2143 τὸν
996 2078 1197 2162 Φιλόστρατον
1221 2079 1366 2162 μάρτυρα

261 2179 361 2244 καλῶ;
409 2180 488 2244 haec
508 2177 570 2245 riri
592 2178 766 2246 doctissimi
788 2178 916 2245 offensio
944 2196 1007 2244 non
1035 2177 1098 2243 nisi
1118 2178 1160 2243 ad
1180 2177 1280 2242 verba
1301 2177 1368 2261 ἐμι-

260 2278 386 2362 σθάρνει
409 2281 453 2364 τῷ
471 2279 651 2364 βουλομένῳ
673 2279 838 2343 ἀναλίσκειν
859 2278 1019 2360 pertinere
1039 2281 1154 2358 potest.
1207 2276 1255 2343 At
1281 2278 1365 2344 hand

261 2397 327 2444 rem
355 2381 507 2460 quomodo
543 2381 647 2462 potuit
684 2380 917 2460 Philostratus,
947 2379 1001 2460 qui
1030 2382 1127 2444 antea
1155 2376 1280 2443 omnino
1306 2397 1369 2443 non

261 2485 396 2546 noverat
416 2480 592 2564 Neaeram,
615 2479 751 2546 testari?
793 2480 910 2546 Nonne
937 2484 1043 2545 autem
1075 2497 1113 2544 ex
1143 2480 1204 2545 hac
1232 2499 1296 2545 una
1324 2499 1368 2561 re,

261 2601 356 2662 quam
378 2587 518 2647 testatur
538 2580 773 2662 Philostratus,
798 2580 960 2646 Neaeram
988 2597 1102 2661 corpus
1130 2597 1219 2644 suum
1247 2579 1368 2661 Lysiae

261 2682 455 2763 vendidisse,
485 2680 629 2747 concludi
657 2687 764 2764 potest
792 2679 875 2746 alias
904 2698 1026 2760 quoque
1047 2679 1207 2745 Neaeram
1237 2698 1367 2762 corpore

261 2781 434 2848 meruisse?

345 2899 385 2963 In
415 2899 529 2964 ceteris
556 2898 692 2964 formula
720 2917 790 2964 cum
820 2897 955 2963 oratoris
982 2896 1089 2964 verbis
1117 2897 1280 2977 convenit,
1311 2897 1367 2963 sed

261 3002 428 3078 praetcrea
459 2997 492 3061 in
524 2997 705 3062 testimonio
739 3001 848 3061 exstat
878 3015 993 3062 nomen
1026 2995 1128 3077 patris
1160 2995 1367 3062 Philostrati.

171 3154 173 3159 ,
261 3092 348 3163 Aliis
380 3095 505 3177 quidem
536 3095 639 3176 locis,²
660 3096 773 3175 quibus
802 3095 995 3162 Philostrati
1026 3095 1144 3161 mentio
1169 3096 1220 3179 fit,
1252 3115 1367 3162 nomen

264 3196 367 3278 patris
387 3215 450 3261 non
472 3194 651 3277 appositum
671 3200 738 3275 est3
761 3195 843 3277 quod
862 3199 968 3261 autem
983 3194 1186 3261 Boeohhius⁸
1207 3196 1369 3262 contendit

261 3297 453 3379 Dionysium
485 3296 615 3361 eundem
647 3295 680 3361 in
712 3295 919 3378 inscriptione
951 3296 1087 3377 quadam
1120 3296 1365 3379 commemorari,

261 3400 529 3465 Westermannus
550 3398 633 3462 hanc
648 3395 840 3463 sententiam
861 3415 924 3462 non
945 3395 993 3461 ita
1015 3396 1227 3461 commendari
1248 3395 1366 3462 litteris

261 3498 476 3582 inscriptionis
510 3498 602 3564 uobis
637 3496 790 3578 servatis,
827 3497 883 3562 sed
919 3495 1015 3561 etiam
1050 3495 1154 3561 refelli
1189 3502 1365 3578 temporum

260 3599 437 3666 rationibus
472 3597 549 3664 mihi
584 3602 697 3680 aperte
732 3598 969 3662 demonstrasse
1003 3594 1139 3661 videtur.
1197 3595 1248 3661 At
1282 3597 1365 3676 quod

261 3701 528 3767 Westermannus
560 3699 676 3765 statuit
706 3697 875 3765 falsarium
907 3696 1045 3778 aliquem
1077 3715 1191 3763 nomeu
1216 3696 1366 3779 Dionysii

346 3903 355 3932 ¹
373 3900 406 3954 cf.
424 3906 486 3954 acta
503 3915 556 3954 soc.
574 3898 647 3967 Lips.
665 3899 718 3954 vol.
737 3901 751 3953 1
770 3915 796 3967 p.
816 3898 866 3952 114
883 3913 921 3964 sq.

345 3985 356 4014 ¹
373 3984 401 4038 cf
423 3983 563 4038 Demosth.
583 3999 613 4037 or
637 3983 668 4037 21
688 3982 704 4051 ᾗ
721 3983 767 4048 84·,
785 3982 814 4037 O.
832 3982 855 4036 Ι.
873 3981 906 4036 Α.
924 3981 977 4035 vol.
995 3981 1012 4034 2
1028 3986 1099 4048 part.
1117 3982 1133 4034 2
1151 3979 1195 4034 tit.
1213 3980 1271 4035 803.

345 4066 406 4121 'ot
423 4066 541 4134 Boeclrh,
559 4065 592 4120 de
608 4065 701 4120 titulis
720 4064 863 4120 navalibus
879 4063 943 4119 Anu
962 4081 987 4133 p.
1007 4064 1064 4120 391.
