3234 4834
452 1070 659 1170 PARS
707 1070 1194 1172 nosternon..

271 1304 325 1364 De
351 1304 422 1364 litis
445 1304 687 1366 instrumentis
709 1307 959 1367 Demosthenis
979 1323 1067 1382 quae
1084 1306 1192 1367 fertur
1209 1308 1375 1366 adversus
1505 1348 1508 1352 ι

565 1441 739 1501 Neaeram
762 1440 912 1500 orationi
934 1440 1083 1501 insertis.

352 1706 463 1790 Hujus
484 1707 636 1773 cretionis
662 1706 819 1773 formulae
839 1708 880 1773 ab
906 1706 996 1772 initio
1024 1707 1131 1774 verbis
1157 1710 1293 1777 oratoris
1321 1710 1375 1776 ad-

270 1807 358 1874 ditae
379 1815 454 1874 sunt
474 1814 585 1891 atque,
607 1809 640 1875 id
667 1810 750 1890 quod
774 1810 844 1892 Jam
873 1827 970 1890 supra
998 1807 1077 1891 dixi,
1105 1807 1201 1875 etiam
1228 1810 1375 1875 Atticum

269 1908 329 1973 has
350 1908 504 1975 formulas
524 1910 557 1976 in
580 1909 749 1976 editionem
770 1929 861 1975 suam
891 1909 1096 1975 transtulisse
1125 1910 1264 1974 codicum
1290 1910 1375 1976 notis

269 2009 311 2073 ad
333 2008 582 2076 stichometriam
604 2010 838 2093 pertinentibus
859 2028 935 2075 usus
956 2014 1067 2091 aperte
1085 2009 1192 2074 docuit
1206 2009 1374 2075 Christius.

269 2106 426 2192 Quamvis
447 2114 555 2176 cutem
576 2111 637 2176 bac
657 2129 693 2176 re
713 2110 791 2175 fides
813 2108 1019 2175 formularum
1048 2106 1250 2173 confirmetur
1276 2112 1376 2186 atque

269 2209 366 2275 etiam
382 2209 541 2276 Christius
556 2211 777 2276 demonstrare
798 2209 957 2275 studuerit
977 2207 1010 2273 in
1030 2206 1224 2273 emtionibus
1238 2205 1374 2289 privatis

268 2328 331 2375 non
346 2329 416 2375 esse
430 2310 603 2377 verisimile
617 2331 638 2376 a
651 2309 793 2377 falsariis
816 2309 924 2375 eodem
939 2308 1030 2374 modo
1052 2326 1112 2388 quo
1127 2306 1161 2372 in
1176 2306 1372 2373 orationibus

268 2408 402 2491 publicis
426 2410 690 2493 interpolationes
716 2412 821 2476 factas
849 2428 936 2491 esse,
963 2413 1071 2474 tamen
1097 2407 1148 2474 vir
1174 2407 1374 2473 doctissimus

268 2508 336 2591 ipse
368 2510 512 2576 concedit
543 2511 593 2577 his
625 2509 802 2576 rationibus
835 2509 911 2574 solis
948 2507 1042 2573 fidem
1075 2507 1280 2574 formularum
1311 2526 1374 2572 non

268 2609 412 2675 omnibus
445 2610 696 2677 dubitationibus
727 2610 898 2675 libentem
930 2627 1009 2674 esse.
1062 2608 1150 2675 Nam
1179 2607 1274 2673 facile
1305 2606 1375 2673 fieri

267 2708 380 2792 potuit,
404 2715 440 2775 nt
461 2710 618 2776 formulae
639 2710 727 2776 solae
747 2717 805 2775 aut
827 2709 1015 2792 conjunctae
1036 2727 1107 2774 cum
1121 2707 1239 2790 verbis
1261 2706 1373 2788 quibus

268 2813 377 2875 emtor
403 2810 445 2875 ad
477 2811 614 2876 scribam
647 2828 683 2875 se
703 2809 818 2892 vertit,
851 2809 1092 2890 interciderent3
1124 2814 1236 2891 postea
1267 2815 1373 2875 autem

267 2909 435 2993 falsarius,
459 2910 512 2976 ubi
532 2910 688 2977 formulae
716 2910 873 2994 genuinae
895 2910 1042 2994 deerant,
1076 2911 1132 2976 sed
1164 2909 1300 2976 oratoris
1332 2909 1375 2975 ad

267 3009 406 3076 scribam
437 3013 537 3078 rerba
570 3018 603 3077 et
633 3012 786 3079 lemmata
819 3012 1009 3094 exstabant,
1038 3030 1143 3079 novas
1176 3010 1285 3093 finxit,
1319 3010 1375 3076 sed

267 3129 376 3177 carum
396 3110 611 3195 formularum,
634 3113 818 3194 quibuscum
840 3112 977 3178 oratoris
1009 3131 1133 3193 quoque
1154 3113 1254 3179 verba
1275 3112 1372 3177 inter·

267 3211 421 3294 uiderant,
444 3231 536 3281 omne
550 3213 721 3297 vestigium
740 3214 843 3296 periit.
887 3212 996 3298 Quare
1017 3232 1087 3279 cum
1109 3213 1149 3277 de
1169 3211 1220 3276 his
1241 3211 1375 3291 aliisque

268 3312 419 3396 ejusmodi
441 3314 536 3379 rebus
556 3314 640 3380 nutis
663 3313 900 3379 stichometriae
920 3312 1071 3379 certiores
1092 3331 1154 3378 non
1176 3311 1305 3392 tiamne,
1333 3328 1375 3376 ne

267 3414 306 3479 de
326 3413 420 3497 hujus
442 3415 568 3495 quidem
589 3413 742 3480 orationis
763 3412 907 3480 formulis
929 3411 1099 3493 quidquam
1129 3410 1208 3477 certi
1231 3411 1376 3494 judicare

265 3513 451 3596 poterimus
473 3514 536 3580 nisi
557 3514 590 3579 in
612 3514 808 3598 singularum
830 3531 1006 3579 sermonem
1028 3517 1125 3593 atque
1152 3516 1374 3594 argumentum

266 3618 414 3681 accurate
435 3612 638 3694 inquiremus.

349 3897 528 3978 Postquam
564 3896 813 3979 [incomestum
848 3896 969 3963 Diniae
1002 3897 1104 3978 iilius,
1141 3897 1194 3978 qni
1227 3896 1375 3963 Neaerae

266 3999 424 4067 actionem
455 3998 652 4080 intenderat,
684 4017 786 4081 pauca
807 3997 908 4065 verba
938 3996 1031 4082 iecit,
1053 3996 1287 4079 Apollodorus,
1321 3995 1374 4077 qui
1426 4062 1428 4065 ,

248 4102 442 4169 ‚advocatus
463 4097 643 4167 accusatori
664 4103 793 4182 praesto
816 4104 904 4181 erat,
926 4098 1012 4179 loqui
1038 4097 1162 4165 orditur
1190 4103 1224 4165 et
1251 4097 1284 4163 in
1305 4095 1374 4179 ipso
