3234 4834
811 273 827 329 7
903 228 905 231 ,

271 467 398 532 obrem
426 468 485 532 hoo
512 467 625 533 fecerit
646 468 696 532 vir
718 469 918 535 doctissimus
943 489 1045 550 neque
1065 470 1158 536 video
1184 475 1280 535 autea
1305 471 1373 553 Jam

271 586 459 647 quemquam
487 568 527 633 de
554 567 616 634 fide
642 569 754 634 harum
781 569 988 635 formidarum
1015 571 1187 636 dubitasse.
1231 569 1374 654 Quarum

270 667 387 750 prima,
409 687 490 749 quae
510 667 671 735 invenitur
692 669 725 735 in
748 667 767 754 ἓ
790 675 834 752 h,¹
855 671 935 736 haee
956 676 1020 736 est:

394 818 493 907 Ἀκοίμ
540 819 615 882 εἶναι
652 825 821 903 μαρτυρεῖν
864 820 1045 897 τεθνεῶτος,
1087 821 1291 907 ἐκμαρτυρίαν
1338 825 1373 887 δὲ

402 919 567 1004 ὑπερορίου
588 921 637 983 καί
659 920 816 984 ἀδυνάτου.

353 1140 429 1203 Hae
443 1139 520 1220 lege
541 1143 698 1204 statutum
721 1147 801 1219 erat,
825 1145 861 1205 ut
882 1140 996 1206 testari
1016 1141 1128 1206 liceret
1148 1141 1246 1206 alium
1260 1141 1373 1225 virum,
1429 1145 1431 1148 ⁴

271 1238 325 1319 qui
354 1243 461 1304 tamen
484 1239 551 1322 jam
579 1244 676 1305 antea
702 1246 845 1306 mortuus
875 1245 972 1323 esset,
1003 1240 1212 1307 certissimam
1241 1241 1374 1325 alicujus

270 1338 316 1404 rei
339 1338 503 1405 seientiam
525 1340 683 1422 habuisse,
705 1340 738 1405 id
760 1342 842 1421 quod
856 1341 890 1406 in
905 1360 1048 1407 sermone
1061 1341 1160 1407 attico
1177 1341 1374 1424 significatur

271 1440 378 1505 Verbis
400 1441 492 1528 α’κοίμ
511 1444 680 1524 μαρτυρεῖν
704 1440 887 1520 τεθνεῶτος
909 1441 937 1507 Si
951 1446 1057 1507 autem
1075 1442 1145 1522 quis
1160 1442 1373 1520 testimonium

271 1541 313 1605 ad
334 1558 463 1605 oaiisam
484 1540 646 1622 pertinens
674 1540 777 1606 dicere
802 1545 946 1624 poterat,
969 1543 1025 1607 sed
1049 1542 1163 1609 itinere
1185 1543 1237 1608 vel
1265 1543 1374 1610 morbo

271 1640 447 1722 prohibitus
469 1644 548 1722 erat,
570 1660 612 1706 ne
632 1641 665 1706 in
683 1641 836 1724 judioium
850 1641 985 1724 veniret,
1007 1647 1073 1708 tum
1096 1662 1154 1724 per
1174 1644 1258 1708 hano
1271 1644 1373 1726 legem

271 1742 362 1807 liouit
382 1742 430 1806 illi
459 1742 673 1808 testimonium
701 1743 818 1808 litteris
847 1743 999 1808 mandare
1027 1743 1100 1809 aliis
1121 1743 1200 1810 viris
1227 1763 1374 1826 praesen·

271 1842 372 1924 tibus
395 1842 448 1923 qui
474 1843 600 1923 quidem
621 1843 835 1909 testimonium
862 1844 984 1910 abillo
1010 1844 1078 1925 ipso
1105 1845 1215 1910 datum
1241 1864 1311 1911 esse
1340 1846 1373 1911 iu

268 1942 386 2025 judicio
409 1945 626 2025 testabantur3
649 1946 731 2025 quod
757 1963 857 2027 genus
885 1945 1026 2010 testandi
1051 1945 1248 2028 significatur
1269 1946 1375 2012 verbis

274 2043 476 2128 ἐκμαρτυρίαν
495 2050 672 2129 μαρτυρεῖν.

354 2160 447 2227 Illius
473 2165 580 2227 autem
613 2161 781 2245 formulae,
812 2181 905 2242 quam
928 2181 1024 2244 supra
1057 2163 1271 2244 laudavimus
1303 2183 1374 2229 oum

271 2279 373 2341 neque
388 2262 427 2326 de
442 2262 599 2344 scriptura
614 2262 783 2343 quidquam
807 2263 915 2328 afferri
929 2282 1030 2344 neque
1050 2264 1084 2329 iu
1104 2282 1248 2329 sermone
1262 2264 1376 2330 offendi

274 2361 387 2444 possit,
424 2362 534 2427 statim
571 2368 771 2429 transeamus
806 2365 848 2429 ad
880 2363 1122 2430 examinandum
1154 2371 1375 2448 argumentum

270 2462 387 2543 ipsum,
420 2463 520 2542 quod·
534 2463 611 2528 mihi
644 2463 768 2544 quidem
801 2463 928 2529 videtur
959 2463 1159 2544 aptissimum
1191 2483 1269 2530 esse.
1312 2466 1375 2531 Re·

272 2563 406 2644 spondet
427 2563 508 2628 enim
531 2564 627 2645 plane
647 2564 753 2630 uerbis
776 2563 929 2646 oratoris,
955 2563 1009 2644 qui
1030 2564 1247 2630 demonstrare
1268 2566 1375 2631 studet

271 2662 468 2744 Stephanum
490 2669 602 2729 ooutra
633 2665 721 2747 leges
754 2663 967 2729 testimonium
1000 2664 1138 2746 dedisse,
1171 2683 1242 2730 oum
1272 2685 1375 2746 neque

271 2763 406 2829 vidisset
426 2783 527 2845 neque
549 2764 712 2845 scivisset,
743 2764 798 2829 sed
820 2764 997 2829 audivisset
1021 2765 1113 2829 modo
1138 2784 1158 2830 a
1182 2765 1375 2833 Phormione

271 2862 442 2929 Pasionem
476 2868 701 2929 testamentum
730 2863 854 2928 fecisse.
907 2863 972 2928 illa
998 2869 1104 2929 autem
1132 2865 1185 2930 lex
1212 2870 1246 2932 et
1269 2886 1374 2932 rerum

270 2965 407 3027 natiuae
426 2962 522 3043 plane
542 2965 748 3029 accomodata
769 2968 820 3027 est
848 2972 881 3027 et
908 2982 944 3027 re
970 2982 1047 3029 vera
1073 2964 1213 3030 Athenis
1234 2967 1373 3048 valebat,

271 3061 305 3126 id
326 3063 408 3142 quod
429 3061 502 3127 inde
523 3067 670 3144 apparet,
701 3062 784 3142 quod
805 3061 861 3127 alii
883 3080 1006 3141 quoque
1033 3070 1176 3129 oratores
1202 3067 1269 3148 ejus
1290 3086 1374 3132 men·

271 3163 389 3229 tionem
410 3163 557 3229 faoiunt.²
600 3162 662 3229 Sed
683 3162 822 3229 fortasse
844 3180 880 3227 eo
902 3162 1085 3245 offendaris
1113 3166 1195 3244 quod
1216 3166 1287 3249 lege
1311 3187 1374 3233 nou

271 3263 499 3347 statuitu1=,ut
529 3264 670 3330 homines
702 3262 818 3328 mortui
839 3264 892 3329 vel
920 3264 1070 3329 absentes
1090 3283 1200 3331 veram
1226 3266 1274 3333 rei
1294 3268 1375 3334 noti-

271 3365 350 3431 tiam
381 3366 536 3445 habeant;
568 3369 712 3431 attamen
742 3364 811 3446 Jam
841 3364 1099 3431 Schoemannus³
1130 3366 1213 3432 hano
1241 3367 1374 3434 diffioul·

271 3470 371 3532 tatem
401 3466 578 3549 expedivit,
602 3485 671 3531 cum
703 3466 823 3531 diceret
850 3464 1003 3547 Judioium
1025 3465 1172 3532 veritatis
1201 3468 1375 3535 testimonii

271 3586 368 3649 penes
386 3567 508 3651 judiees
533 3567 632 3633 fuisse
652 3572 686 3632 et
706 3566 802 3632 alteri
830 3567 916 3648 parti
944 3564 1071 3632 licuisse
1099 3567 1313 3636 testimonium
1340 3570 1375 3638 in

228 3727 231 3737 ,
271 3667 399 3733 dubium
425 3688 553 3752 vocare,
582 3669 631 3736 ita
658 3672 695 3733 ut
737 3668 770 3734 in
799 3668 861 3733 hao
896 3667 964 3752 lege
998 3667 1058 3734 tali
1097 3673 1266 3751 praecepto
1295 3691 1374 3754 opus

270 3788 332 3833 non
354 3773 450 3834 esset.

356 3940 362 3968 ¹
383 3937 496 3992 Secutus
513 3954 572 3992 sum
589 3953 714 3992 numeros
731 3935 864 3991 Dindorfii
882 3935 1008 3990 editionis
1025 3935 1192 3990 Oxoniensis.

355 4024 365 4052 ²
382 4023 416 4075 of.
435 4027 503 4075 orat.
521 4023 553 4076 57
570 4021 587 4088 ἕ
604 4024 628 4075 6.
646 4024 669 4076 7.

355 4105 416 4158 8of.
435 4104 520 4159 Meier
537 4108 566 4158 et
583 4103 755 4171 Sehoemann,
775 4104 806 4156 de
825 4102 866 4156 lit.
885 4104 960 4157 attio.
978 4118 1003 4169 p.
1021 4103 1078 4157 670.
