3234 4834
776 325 815 387 17

250 523 448 597 sententiam
470 521 630 589 adderet?
673 523 786 604 Neque
807 521 1017 590 verisimilius
1043 525 1095 588 111
1116 517 1354 604 posterioribus

250 624 378 691 demum
404 623 605 707 temporibus
631 625 714 691 haec
743 625 848 691 verba
871 622 1070 707 interposita
1100 640 1186 704 esse;
1218 641 1293 687 nam
1326 620 1356 687 si

250 725 333 791 haec
353 726 456 793 verba
488 743 509 790 a
541 723 685 808 genuina
716 724 792 808 lege
824 722 1005 806 afuissent,
1027 723 1131 789 verba
1163 723 1216 786 dre
1248 721 1355 785 Σόλων

251 823 345 912 stopa
367 826 419 913 τὴν
441 824 539 912 ἀρχήν
560 824 648 890 nullo
670 824 763 891 modo
786 842 858 890 curn
880 822 1001 890 ceteris
1016 822 1250 889 cohaesissent.
1293 818 1355 884 Ne·

251 943 312 1005 que
344 924 422 990 mihi
452 924 575 991 obicias
602 924 672 991 loco
700 923 755 991 illo
782 923 942 990 orationis
969 924 1128 990 adversus
1151 920 1352 987 Leocharen]

250 1016 340 1090 hanc⁴
356 1025 554 1091 sententiam
575 1044 640 1090 non
655 1032 798 1110 exstare,
820 1045 895 1091 nam
910 1023 956 1090 ibi
970 1023 1210 1089 Demosthenes
1225 1019 1354 1086 omnino

249 1143 313 1190 non
335 1128 440 1191 totam
461 1126 570 1208 legem
592 1122 729 1192 laudare
750 1128 839 1209 vult,
872 1127 931 1192 sed
963 1124 1047 1190 alias
1080 1141 1207 1204 quoque
1241 1125 1355 1204 partes
1384 1142 1385 1145 ¹

250 1224 386 1292 omittit.
431 1226 494 1292 Sed
515 1246 557 1292 ne
578 1226 661 1293 haec
682 1227 811 1308 quidem
834 1226 913 1292 11111
927 1226 1080 1292 videatur
1097 1226 1189 1309 justa
1210 1220 1354 1303 offensio,

250 1324 279 1390 si
299 1325 388 1391 forte
409 1325 500 1392 dicas
521 1326 698 1393 verisimile
719 1345 784 1392 non
814 1345 887 1393 1111
915 1325 950 1390 11
970 1325 1045 1409 lege
1072 1325 1171 1389 talem
1198 1320 1355 1404 temporis

251 1427 514 1493 terminationem
529 1434 677 1510 exstare;
699 1448 775 1495 narn
797 1447 878 1494 sane
892 1428 954 1494 hoc
967 1433 1114 1493 nostrum
1130 1429 1182 1491 est
1188 1422 1354 1508 judicium,

252 1527 310 1593 sed
332 1527 478 1609 antiquis
499 1527 564 1594 illis
586 1529 788 1610 temporibus
810 1530 911 1594 talem
932 1527 1097 1593 notionem
1125 1526 1271 1607 ineptam
1292 1541 1357 1588 non

250 1627 353 1693 inisse
375 1632 516 1710 apparet
537 1647 578 1693 ex
599 1627 733 1694 decreto
755 1627 991 1693 1Ρ1111111111
1012 1630 1156 1708 servato,
1179 1622 1264 1706 quod
1278 1621 1355 1704 quin

251 1747 272 1792 a
294 1728 411 1794 Solone
433 1727 593 1810 originem
616 1727 724 1811 ducat,
747 1746 812 1793 non
835 1734 886 1793 est
907 1727 1048 1793 dubium.

335 1829 403 1892 lam
416 1846 494 1893 vero
513 1827 583 1910 alii,
599 1827 634 1893 in
654 1847 790 1913 quorum
806 1847 941 1894 numero
961 1833 1012 1894 est
1026 1846 1057 1893 v.
1070 1827 1100 1893 d.
1111 1825 1237 1909 Esius,²
1251 1828 1356 1890 totam

253 1929 359 2011 legem
391 1926 501 1995 fictam
534 1947 606 1994 esse
638 1936 783 1995 censent.
837 1930 935 2013 Cujus
968 1928 1017 1994 rei
1049 1925 1271 1993 testimonium
1292 1924 1357 1991 viri

201 2097 205 2105 ,
251 2028 339 2095 docti
366 2029 496 2111 saepius
524 2029 681 2113 afferunt,
708 2031 793 2112 quorl
820 2033 936 2112 verba,
964 2029 1081 2111 quibus
1111 2034 1224 2094 orator
1249 2026 1356 2108 legem

250 2130 376 2214 laudat,
399 2130 513 2196 eadem
535 2136 613 2196 sunt
634 2148 674 2194 ac
695 2132 797 2196 verba
819 2129 912 2214 legis.
957 2130 1022 2195 Sed
1051 2130 1113 2194 hac
1138 2147 1181 2193 ex
1210 2145 1247 2192 re
1277 2123 1356 2191 mihi
1379 2200 1387 2217 ι

251 2228 383 2297 videtur
405 2229 486 2295 11111
511 2230 704 2296 concludere
732 2230 847 2312 licere,
874 2248 950 2295 narn
978 2229 1074 2311 plane
1103 2231 1356 2293 consentaneum

251 2335 302 2395 est
324 2335 484 2411 oratores,
497 2348 578 2396 cum
601 2330 641 2395 de
662 2330 736 2413 lege
751 2328 874 2412 dicant,
897 2329 1036 2394 maxime
1050 2328 1124 2411 ipsa
1140 2329 1249 2408 verba,
1272 2346 1356 2408 quae

185 2488 191 2500 .
249 2430 283 2495 in
304 2429 434 2513 legibus
455 2429 583 2511 insunt,
606 2428 640 2494 in
661 2447 738 2495 suas
760 2430 927 2495 orationes
953 2428 1150 2494 transferre.
1207 2427 1357 2494 Offende·

250 2531 349 2596 batur
370 2537 523 2597 autemv
555 2529 585 2596 d.
608 2529 707 2595 Esius
729 2528 841 2595 uerbis
875 2529 910 2591 τὰ
942 2529 1052 2591 ἑαυτοῦ
1085 2526 1247 2591 διαθέσθαι
1280 2527 1356 2591 εἶναι

251 2631 336 2706 ὅπως
366 2629 403 2692 ἂν
435 2629 533 2717 ἐθέλῃ,
566 2647 650 2710 quae
682 2628 788 2694 minus
815 2627 1028 2696 convenirent
1056 2626 1169 2710 graeci
1197 2627 1355 2693 sermonis

226 2722 230 2729 ’
249 2730 392 2814 legibus3
415 2748 487 2796 curn
510 2735 629 2813 autem,
652 2728 708 2811 qni
722 2728 805 2794 talia
820 2728 1038 2809 conticuisset,
1062 2747 1102 2794 ex
1117 2727 1266 2794 oratione
1280 2727 1354 2810 ipsa

249 2828 385 2893 meliora
417 2828 525 2893 dicere
556 2829 715 2909 potuisse,
750 2847 822 2894 cum
854 2847 928 2894 1111
960 2832 1154 2910 sequeretur
1188 2828 1306 2904 τούτοις
1337 2831 1355 2889 ὁ

252 2929 344 3010 νόμος
370 2927 472 2990 δίδωσι
500 2927 659 2990 διαθέσθαι
688 2927 723 2989 τὰ
749 2929 875 2990 ἑαυτῶν,
924 2928 1009 2994 Sane
1037 2928 1193 2994 falsarius
1222 2926 1357 2992 meliora

252 3026 361 3091 dicere
384 3025 501 3107 potuit,
524 3025 582 3090 sed
603 3044 644 3090 ea
665 3025 738 3107 ipsa
760 3027 800 3091 de
823 3045 932 3109 causa,
955 3029 1040 3109 quod
1057 3027 1178 3093 similia
1198 3029 1302 3093 verba
1323 3026 1356 3091 in

250 3126 325 3210 lege
346 3144 409 3190 non
431 3123 553 3207 insunt,
576 3124 721 3191 sedulia
743 3125 843 3190 dictio
864 3134 1026 3208 usurpata
1049 3134 1109 3206 est,
1131 3127 1211 3192 11111
1224 3126 1357 3192 videtur

251 3243 413 3308 apparere
440 3225 546 3309 legem
573 3244 636 3291 non
665 3225 791 3309 fictam,
822 3226 879 3292 sed
907 3227 1083 3310 genuinam
1113 3246 1187 3294 esse
1244 3228 1358 3308 Neque

256 3324 340 3391 enirn
362 3326 534 3392 formulam
556 3332 692 3409 propter
713 3345 812 3393 unam
834 3344 977 3411 causam,
1000 3329 1085 3410 quod
1107 3327 1234 3409 aliquot
1255 3329 1357 3393 verba

252 3426 389 3493 usitatis
401 3426 585 3493 rationibus
598 3427 824 3509 grammaticis
838 3436 1037 3513 repugnant,
1059 3428 1196 3495 falsario
1211 3428 1358 3494 tribuere

249 3526 341 3608 licet,
364 3526 460 3594 1111
483 3532 563 3609 puto
584 3528 733 3610 plurimis
755 3530 851 3614 hujus
879 3529 1011 3613 generis
1032 3529 1113 3595 locis
1141 3529 1232 3612 prins
1262 3547 1358 3611 quae·

249 3628 385 3693 rendum
408 3647 489 3711 esse,
513 3633 622 3694 utrum
644 3631 761 3711 verba,
786 3649 870 3711 quae
892 3630 1101 3696 offensionem
1123 3629 1256 3710 nabent,
1286 3647 1355 3695 cor·

165 3764 178 3774 ·
250 3731 350 3810 rupta
380 3727 448 3794 sint
474 3747 517 3794 an
544 3728 645 3795 iniis
675 3728 831 3796 indicium
859 3729 1056 3812 antiquioris
1082 3728 1205 3796 aetatis
1237 3734 1355 3796 exstet.

250 3825 343 3909 Quod
365 3834 474 3896 autern
497 3829 591 3914 hujus
613 3831 675 3896 loci
690 3837 892 3898 structuram
915 3833 1027 3915 graeci
1048 3830 1206 3897 sermonis
1224 3830 1356 3914 legibus

336 3997 343 4025 ¹
363 3995 396 4050 11.
415 3996 481 4051 Ρ1111
507 3996 581 4050 vitae
599 3996 705 4051 Solonis
723 4013 778 4065 cup.
799 3999 841 4050 ld:
875 3996 980 4066 {tripos
998 4003 1055 4053 ὅσοι
1074 3999 1162 4066 ἄτιμοι
1180 4000 1246 4071 ἦσαν
1265 4001 1320 4071 πρὶν
1339 4002 1355 4070 ἢ

250 4077 358 4133 Σόλωνα
378 4080 466 4152 ἄρξαι,
484 4083 626 4147 autrannus
644 4083 708 4135 sium
727 4096 765 4147 sq.

338 4161 426 4218 ’11
453 4162 471 4216 1.
489 4180 514 4232 p.
532 4164 572 4217 as.
1156 4232 1173 4287 2
